ts_recv,ts_event,rtype,publisher_id,instrument_id,action,side,depth,price,size,flags,ts_in_delta,sequence,bid_px_00,ask_px_00,bid_sz_00,ask_sz_00,bid_ct_00,ask_ct_00,symbol
2024-08-22T13:28:00.059387613Z,2024-08-22T13:28:00.059217193Z,1,2,2639,T,N,0,38.760000000,60,0,170420,14286651,38.000000000,40.530000000,1,1000,1,1,CAKE
2024-08-22T13:28:00.059387613Z,2024-08-22T13:28:00.059217547Z,1,2,2639,T,N,0,38.760000000,40,128,170066,14286652,38.000000000,40.530000000,1,1000,1,1,CAKE
2024-08-22T13:30:00.918500023Z,2024-08-22T13:30:00.918318809Z,1,2,2639,T,N,0,38.660000000,3061,0,181214,17284072,38.640000000,39.360000000,95,200,1,1,CAKE
2024-08-22T13:30:05.131885094Z,2024-08-22T13:30:05.131717397Z,1,2,2639,T,N,0,38.780000000,34,130,167697,17937927,38.600000000,38.970000000,234,100,5,1,CAKE
2024-08-22T13:30:45.269318156Z,2024-08-22T13:30:45.269151493Z,1,2,2639,T,A,0,38.750000000,1,130,166663,21393675,38.750000000,38.970000000,1,100,1,1,CAKE
2024-08-22T13:35:03.141125029Z,2024-08-22T13:35:03.140955714Z,1,2,2639,T,N,0,38.805000000,1,128,169315,29902530,38.730000000,38.880000000,6,103,4,2,CAKE
2024-08-22T13:36:56.561157382Z,2024-08-22T13:36:56.560989825Z,1,2,2639,T,N,0,38.870000000,3,130,167557,33685383,38.800000000,38.880000000,117,103,7,2,CAKE
2024-08-22T13:37:19.803364580Z,2024-08-22T13:37:19.803196164Z,1,2,2639,T,B,0,38.880000000,3,0,168416,34395072,38.800000000,38.880000000,117,103,7,2,CAKE
2024-08-22T13:37:19.803364580Z,2024-08-22T13:37:19.803196164Z,1,2,2639,T,B,0,38.880000000,8,130,168416,34395073,38.800000000,38.880000000,117,100,7,1,CAKE
2024-08-22T13:37:19.803397011Z,2024-08-22T13:37:19.803230242Z,1,2,2639,T,B,0,38.880000000,86,130,166769,34395076,38.800000000,38.880000000,117,192,7,2,CAKE
2024-08-22T13:37:19.803403829Z,2024-08-22T13:37:19.803234849Z,1,2,2639,T,B,0,38.880000000,6,0,168980,34395077,38.800000000,38.880000000,117,106,7,2,CAKE
2024-08-22T13:37:19.803403829Z,2024-08-22T13:37:19.803234849Z,1,2,2639,T,B,0,38.880000000,86,130,168980,34395078,38.800000000,38.880000000,117,100,7,1,CAKE
2024-08-22T13:37:19.803421192Z,2024-08-22T13:37:19.803253612Z,1,2,2639,T,B,0,38.880000000,14,130,167580,34395082,38.800000000,38.880000000,117,114,7,2,CAKE
2024-08-22T13:37:19.803445054Z,2024-08-22T13:37:19.803277488Z,1,2,2639,T,B,0,38.880000000,43,130,167566,34395083,38.800000000,38.880000000,117,100,7,1,CAKE
2024-08-22T13:37:19.803456463Z,2024-08-22T13:37:19.803290017Z,1,2,2639,T,B,0,38.880000000,14,130,166446,34395084,38.800000000,38.880000000,117,57,7,1,CAKE
2024-08-22T13:37:19.803547183Z,2024-08-22T13:37:19.803380214Z,1,2,2639,T,B,0,38.880000000,43,130,166969,34395089,38.810000000,38.880000000,200,43,1,1,CAKE
2024-08-22T13:37:19.803606395Z,2024-08-22T13:37:19.803439456Z,1,2,2639,T,B,0,38.890000000,100,130,166939,34395098,38.840000000,38.890000000,17,100,1,1,CAKE
2024-08-22T13:37:21.624521080Z,2024-08-22T13:37:21.624353570Z,1,2,2639,T,N,0,38.900000000,30,130,167510,34440665,38.860000000,38.940000000,206,200,6,2,CAKE
2024-08-22T13:37:38.467170251Z,2024-08-22T13:37:38.467003163Z,1,2,2639,T,B,0,38.940000000,100,130,167088,34853141,38.860000000,38.940000000,6,200,5,2,CAKE
2024-08-22T13:37:48.960648576Z,2024-08-22T13:37:48.960480590Z,1,2,2639,T,B,0,38.940000000,100,130,167986,35122534,38.880000000,38.940000000,9,100,6,1,CAKE
2024-08-22T13:37:48.960908513Z,2024-08-22T13:37:48.960741508Z,1,2,2639,T,B,0,38.950000000,100,130,167005,35122543,38.910000000,38.950000000,121,100,2,1,CAKE
2024-08-22T13:37:48.981257745Z,2024-08-22T13:37:48.981090648Z,1,2,2639,T,B,0,38.960000000,100,130,167097,35122792,38.910000000,38.960000000,5,200,4,2,CAKE
2024-08-22T13:38:05.960917697Z,2024-08-22T13:38:05.960743768Z,1,2,2639,T,A,0,38.910000000,1,0,173929,35566841,38.910000000,38.970000000,6,204,5,4,CAKE
2024-08-22T13:38:05.960917697Z,2024-08-22T13:38:05.960743768Z,1,2,2639,T,A,0,38.910000000,1,0,173929,35566842,38.910000000,38.970000000,5,204,4,4,CAKE
2024-08-22T13:38:05.960917697Z,2024-08-22T13:38:05.960743768Z,1,2,2639,T,A,0,38.910000000,2,0,173929,35566843,38.910000000,38.970000000,4,204,3,4,CAKE
2024-08-22T13:38:05.960917697Z,2024-08-22T13:38:05.960743768Z,1,2,2639,T,A,0,38.910000000,1,0,173929,35566844,38.910000000,38.970000000,2,204,2,4,CAKE
2024-08-22T13:38:05.960917697Z,2024-08-22T13:38:05.960743768Z,1,2,2639,T,A,0,38.910000000,1,0,173929,35566845,38.910000000,38.970000000,1,204,1,4,CAKE
2024-08-22T13:38:05.960917697Z,2024-08-22T13:38:05.960743768Z,1,2,2639,T,N,0,38.910000000,10,0,173929,35566846,38.880000000,38.970000000,57,204,2,4,CAKE
2024-08-22T13:38:05.960917697Z,2024-08-22T13:38:05.960743768Z,1,2,2639,T,N,0,38.910000000,10,0,173929,35566847,38.880000000,38.970000000,57,204,2,4,CAKE
2024-08-22T13:38:05.960917697Z,2024-08-22T13:38:05.960743768Z,1,2,2639,T,N,0,38.910000000,54,130,173929,35566848,38.880000000,38.970000000,57,204,2,4,CAKE
2024-08-22T13:38:25.916817326Z,2024-08-22T13:38:25.916650442Z,1,2,2639,T,B,0,38.900000000,3,130,166884,36120965,38.880000000,38.900000000,57,4,2,1,CAKE
2024-08-22T13:38:25.916821359Z,2024-08-22T13:38:25.916655331Z,1,2,2639,T,B,0,38.900000000,1,130,166028,36120966,38.880000000,38.900000000,57,1,2,1,CAKE
2024-08-22T13:39:01.429901470Z,2024-08-22T13:39:01.429734395Z,1,2,2639,T,B,0,38.960000000,1,130,167075,36998426,38.880000000,38.960000000,57,206,2,3,CAKE
2024-08-22T13:39:20.581810582Z,2024-08-22T13:39:20.581641032Z,1,2,2639,T,B,0,38.960000000,3,0,169550,37524426,38.880000000,38.960000000,106,90,4,3,CAKE
2024-08-22T13:39:20.581810582Z,2024-08-22T13:39:20.581641032Z,1,2,2639,T,B,0,38.960000000,3,0,169550,37524427,38.880000000,38.960000000,106,87,4,2,CAKE
2024-08-22T13:39:20.581810582Z,2024-08-22T13:39:20.581641032Z,1,2,2639,T,B,0,38.960000000,5,130,169550,37524428,38.880000000,38.960000000,106,84,4,1,CAKE
2024-08-22T13:39:27.344504171Z,2024-08-22T13:39:27.344337519Z,1,2,2639,T,N,0,38.930000000,50,130,166652,37689551,38.890000000,38.960000000,203,79,3,1,CAKE
2024-08-22T13:39:27.344560945Z,2024-08-22T13:39:27.344394138Z,1,2,2639,T,N,0,38.930000000,50,130,166807,37689554,38.890000000,38.960000000,203,79,3,1,CAKE
2024-08-22T13:39:29.203363307Z,2024-08-22T13:39:29.203196463Z,1,2,2639,T,N,0,38.950000000,3,130,166844,37752902,38.890000000,38.960000000,203,79,3,1,CAKE
2024-08-22T13:39:38.249734918Z,2024-08-22T13:39:38.249567824Z,1,2,2639,T,B,0,38.960000000,53,130,167094,37993940,38.890000000,38.960000000,3,79,2,1,CAKE
2024-08-22T13:39:38.249740423Z,2024-08-22T13:39:38.249572245Z,1,2,2639,T,B,0,38.960000000,26,128,168178,37993941,38.890000000,38.960000000,3,26,2,1,CAKE
2024-08-22T13:39:38.249757985Z,2024-08-22T13:39:38.249590749Z,1,2,2639,T,B,0,38.970000000,100,130,167236,37993944,38.890000000,38.970000000,3,100,2,1,CAKE
2024-08-22T13:39:38.249818408Z,2024-08-22T13:39:38.249650297Z,1,2,2639,T,B,0,38.980000000,53,130,168111,37993961,38.930000000,38.980000000,126,484,2,4,CAKE
2024-08-22T13:39:38.249822246Z,2024-08-22T13:39:38.249653023Z,1,2,2639,T,B,0,38.980000000,31,0,169223,37993962,38.930000000,38.980000000,126,431,2,4,CAKE
2024-08-22T13:39:38.249822246Z,2024-08-22T13:39:38.249653023Z,1,2,2639,T,B,0,38.980000000,22,128,169223,37993963,38.930000000,38.980000000,126,400,2,3,CAKE
2024-08-22T13:39:38.249826081Z,2024-08-22T13:39:38.249658000Z,1,2,2639,T,B,0,38.980000000,53,130,168081,37993965,38.930000000,38.980000000,126,378,2,3,CAKE
2024-08-22T13:39:38.249830199Z,2024-08-22T13:39:38.249659413Z,1,2,2639,T,B,0,38.980000000,25,0,170786,37993966,38.930000000,38.980000000,126,325,2,3,CAKE
2024-08-22T13:39:38.249830199Z,2024-08-22T13:39:38.249659413Z,1,2,2639,T,B,0,38.980000000,28,130,170786,37993967,38.930000000,38.980000000,126,300,2,2,CAKE
2024-08-22T13:39:38.249897948Z,2024-08-22T13:39:38.249730852Z,1,2,2639,T,B,0,38.980000000,2,130,167096,37993981,38.930000000,38.980000000,326,100,3,1,CAKE
2024-08-22T13:39:38.249915004Z,2024-08-22T13:39:38.249748225Z,1,2,2639,T,B,0,38.980000000,53,130,166779,37993983,38.930000000,38.980000000,326,98,3,1,CAKE
2024-08-22T13:39:38.250020311Z,2024-08-22T13:39:38.249853383Z,1,2,2639,T,B,0,38.980000000,45,130,166928,37993991,38.930000000,38.980000000,226,45,2,1,CAKE
2024-08-22T13:39:38.314427081Z,2024-08-22T13:39:38.314259498Z,1,2,2639,T,B,0,39.000000000,100,130,167583,37996481,38.930000000,39.000000000,303,211,4,4,CAKE
2024-08-22T13:39:38.314460372Z,2024-08-22T13:39:38.314290095Z,1,2,2639,T,B,0,39.000000000,1,0,170277,37996484,38.930000000,39.000000000,303,111,4,3,CAKE
2024-08-22T13:39:38.314460372Z,2024-08-22T13:39:38.314290095Z,1,2,2639,T,B,0,39.000000000,10,0,170277,37996485,38.930000000,39.000000000,303,110,4,2,CAKE
2024-08-22T13:39:38.314460372Z,2024-08-22T13:39:38.314290095Z,1,2,2639,T,B,0,39.000000000,100,130,170277,37996486,38.930000000,39.000000000,303,100,4,1,CAKE
2024-08-22T13:39:38.314994029Z,2024-08-22T13:39:38.314827072Z,1,2,2639,T,B,0,39.000000000,100,130,166957,37996549,38.960000000,39.000000000,26,100,1,1,CAKE
2024-08-22T13:39:38.315016028Z,2024-08-22T13:39:38.314848989Z,1,2,2639,T,B,0,39.000000000,100,130,167039,37996552,38.960000000,39.000000000,26,100,1,1,CAKE
2024-08-22T13:39:49.708952718Z,2024-08-22T13:39:49.708783662Z,1,2,2639,T,B,0,39.000000000,100,0,169056,38283081,38.960000000,39.000000000,3,200,2,2,CAKE
2024-08-22T13:39:49.708952718Z,2024-08-22T13:39:49.708783662Z,1,2,2639,T,B,0,39.000000000,29,130,169056,38283082,38.960000000,39.000000000,3,100,2,1,CAKE
2024-08-22T13:39:49.709020356Z,2024-08-22T13:39:49.708851001Z,1,2,2639,T,B,0,39.000000000,30,0,169355,38283085,38.960000000,39.000000000,3,72,2,2,CAKE
2024-08-22T13:39:49.709020356Z,2024-08-22T13:39:49.708852254Z,1,2,2639,T,B,0,39.000000000,10,130,168102,38283086,38.960000000,39.000000000,3,42,2,2,CAKE
2024-08-22T13:39:49.813645936Z,2024-08-22T13:39:49.813478453Z,1,2,2639,T,B,0,39.000000000,1,130,167483,38284712,38.960000000,39.000000000,203,1,3,1,CAKE
2024-08-22T13:42:01.241664222Z,2024-08-22T13:42:01.241494349Z,1,2,2639,T,B,0,39.080000000,3,0,169873,41712262,39.010000000,39.080000000,235,5,2,3,CAKE
2024-08-22T13:42:01.241664222Z,2024-08-22T13:42:01.241494349Z,1,2,2639,T,B,0,39.080000000,1,0,169873,41712263,39.010000000,39.080000000,235,2,2,2,CAKE
2024-08-22T13:42:01.241664222Z,2024-08-22T13:42:01.241494349Z,1,2,2639,T,B,0,39.080000000,1,130,169873,41712264,39.010000000,39.080000000,235,1,2,1,CAKE
2024-08-22T13:42:01.241694888Z,2024-08-22T13:42:01.241525732Z,1,2,2639,T,N,0,39.050000000,100,130,169156,41712268,39.040000000,39.090000000,5,100,1,1,CAKE
2024-08-22T13:42:01.241826724Z,2024-08-22T13:42:01.241659506Z,1,2,2639,T,B,0,39.090000000,70,130,167218,41712273,39.040000000,39.090000000,9,100,1,1,CAKE
2024-08-22T13:42:01.241839303Z,2024-08-22T13:42:01.241672132Z,1,2,2639,T,N,0,39.050000000,100,130,167171,41712274,39.040000000,39.090000000,9,30,1,1,CAKE
2024-08-22T13:42:01.241850949Z,2024-08-22T13:42:01.241683672Z,1,2,2639,T,B,0,39.090000000,30,130,167277,41712275,39.040000000,39.090000000,9,30,1,1,CAKE
2024-08-22T13:42:01.262045031Z,2024-08-22T13:42:01.261877736Z,1,2,2639,T,N,0,39.090000000,100,130,167295,41712742,39.020000000,39.100000000,205,1517,4,4,CAKE
2024-08-22T13:42:43.895757652Z,2024-08-22T13:42:43.895591220Z,1,2,2639,T,N,0,39.070000000,3,130,166432,42807268,39.020000000,39.100000000,4,1517,3,4,CAKE
2024-08-22T13:43:08.894239928Z,2024-08-22T13:43:08.894072010Z,1,2,2639,T,N,0,39.030000000,2,130,167918,43334105,39.020000000,39.090000000,2,100,2,1,CAKE
2024-08-22T13:43:08.894335929Z,2024-08-22T13:43:08.894164461Z,1,2,2639,T,A,0,39.020000000,1,0,171468,43334116,39.020000000,39.090000000,2,300,2,2,CAKE
2024-08-22T13:43:08.894335929Z,2024-08-22T13:43:08.894164461Z,1,2,2639,T,A,0,39.020000000,1,0,171468,43334117,39.020000000,39.090000000,1,300,1,2,CAKE
2024-08-22T13:43:08.894350482Z,2024-08-22T13:43:08.894183016Z,1,2,2639,T,N,0,39.030000000,2,130,167466,43334120,39.010000000,39.090000000,137,302,3,3,CAKE
2024-08-22T13:43:08.894355062Z,2024-08-22T13:43:08.894184693Z,1,2,2639,T,N,0,39.030000000,2,0,170369,43334121,39.010000000,39.090000000,137,302,3,3,CAKE
2024-08-22T13:43:08.894355989Z,2024-08-22T13:43:08.894188920Z,1,2,2639,T,N,0,39.030000000,50,130,167069,43334123,39.010000000,39.080000000,137,200,3,1,CAKE
2024-08-22T13:43:08.894363160Z,2024-08-22T13:43:08.894192944Z,1,2,2639,T,N,0,39.030000000,46,0,170216,43334125,39.010000000,39.060000000,137,8,3,1,CAKE
2024-08-22T13:43:08.894363160Z,2024-08-22T13:43:08.894192944Z,1,2,2639,T,A,0,39.010000000,35,0,170216,43334126,39.010000000,39.060000000,137,8,3,1,CAKE
2024-08-22T13:43:08.894363160Z,2024-08-22T13:43:08.894192944Z,1,2,2639,T,A,0,39.010000000,58,128,170216,43334127,39.010000000,39.060000000,102,8,2,1,CAKE
2024-08-22T13:43:08.894445114Z,2024-08-22T13:43:08.894278101Z,1,2,2639,T,N,0,39.020000000,100,130,167013,43334134,39.010000000,39.060000000,44,97,2,1,CAKE
2024-08-22T13:43:08.894470053Z,2024-08-22T13:43:08.894297976Z,1,2,2639,T,A,0,39.010000000,42,0,172077,43334139,39.010000000,39.060000000,44,297,2,2,CAKE
2024-08-22T13:43:08.894470053Z,2024-08-22T13:43:08.894297976Z,1,2,2639,T,A,0,39.010000000,2,128,172077,43334140,39.010000000,39.060000000,2,297,1,2,CAKE
2024-08-22T13:43:08.894553623Z,2024-08-22T13:43:08.894384833Z,1,2,2639,T,N,0,39.010000000,100,130,168790,43334164,38.980000000,39.060000000,215,297,3,2,CAKE
2024-08-22T13:44:18.111996026Z,2024-08-22T13:44:18.111829213Z,1,2,2639,T,N,0,39.000000000,1,130,166813,44854665,38.980000000,39.030000000,1,101,1,2,CAKE
2024-08-22T13:44:39.007566670Z,2024-08-22T13:44:39.007395145Z,1,2,2639,T,A,0,38.980000000,1,128,171525,45265950,38.980000000,39.030000000,1,1,1,1,CAKE
2024-08-22T13:44:39.007954449Z,2024-08-22T13:44:39.007786529Z,1,2,2639,T,A,0,38.960000000,300,128,167920,45266227,38.960000000,39.020000000,300,300,1,2,CAKE
2024-08-22T13:44:39.008218156Z,2024-08-22T13:44:39.008045930Z,1,2,2639,T,A,0,38.950000000,15,0,172226,45266436,38.950000000,38.990000000,30,227,2,2,CAKE
2024-08-22T13:44:39.008218156Z,2024-08-22T13:44:39.008045930Z,1,2,2639,T,A,0,38.950000000,15,128,172226,45266437,38.950000000,38.990000000,15,227,1,2,CAKE
2024-08-22T13:44:39.008713305Z,2024-08-22T13:44:39.008545242Z,1,2,2639,T,A,0,38.960000000,198,130,168063,45266685,38.960000000,38.990000000,200,227,1,2,CAKE
2024-08-22T13:44:39.008717165Z,2024-08-22T13:44:39.008547942Z,1,2,2639,T,A,0,38.960000000,2,128,169223,45266686,38.960000000,38.990000000,2,227,1,2,CAKE
2024-08-22T13:44:39.009207859Z,2024-08-22T13:44:39.009037036Z,1,2,2639,T,A,0,38.960000000,69,128,170823,45266868,38.960000000,38.990000000,300,27,2,1,CAKE
2024-08-22T13:44:39.014091236Z,2024-08-22T13:44:39.013922619Z,1,2,2639,T,A,0,38.960000000,131,0,168617,45267860,38.960000000,38.990000000,231,27,2,1,CAKE
2024-08-22T13:44:39.014091236Z,2024-08-22T13:44:39.013922619Z,1,2,2639,T,A,0,38.960000000,100,128,168617,45267861,38.960000000,38.990000000,100,27,1,1,CAKE
2024-08-22T13:44:39.020806287Z,2024-08-22T13:44:39.020639620Z,1,2,2639,T,A,0,38.960000000,93,130,166667,45268580,38.960000000,39.020000000,200,200,1,1,CAKE
2024-08-22T13:44:39.020863958Z,2024-08-22T13:44:39.020696493Z,1,2,2639,T,A,0,38.960000000,100,130,167465,45268583,38.960000000,39.020000000,107,200,1,1,CAKE
2024-08-22T13:44:39.272427250Z,2024-08-22T13:44:39.272260158Z,1,2,2639,T,A,0,38.960000000,7,130,167092,45275704,38.960000000,39.020000000,7,300,1,2,CAKE
2024-08-22T13:44:39.273088023Z,2024-08-22T13:44:39.272919910Z,1,2,2639,T,A,0,38.960000000,66,0,168113,45275723,38.960000000,38.990000000,200,227,1,2,CAKE
2024-08-22T13:44:39.273088023Z,2024-08-22T13:44:39.272920466Z,1,2,2639,T,A,0,38.960000000,66,130,167557,45275724,38.960000000,38.990000000,134,227,1,2,CAKE
2024-08-22T13:44:39.273097719Z,2024-08-22T13:44:39.272931218Z,1,2,2639,T,A,0,38.960000000,68,130,166501,45275726,38.960000000,38.990000000,68,27,1,1,CAKE
2024-08-22T13:44:59.300132753Z,2024-08-22T13:44:59.299966233Z,1,2,2639,T,N,0,38.940000000,2,130,166520,45579225,38.910000000,38.990000000,2,100,1,1,CAKE
2024-08-22T13:45:00.021549577Z,2024-08-22T13:45:00.021367557Z,1,2,2639,T,N,0,38.930000000,50,128,182020,45656297,38.910000000,38.990000000,2,100,1,1,CAKE
2024-08-22T13:45:25.826750527Z,2024-08-22T13:45:25.826582522Z,1,2,2639,T,N,0,38.930000000,50,130,168005,46616844,38.910000000,38.960000000,104,100,3,1,CAKE
2024-08-22T13:45:56.300712969Z,2024-08-22T13:45:56.300545228Z,1,2,2639,T,A,0,38.910000000,2,130,167741,47712990,38.910000000,38.960000000,105,100,4,1,CAKE
2024-08-22T13:45:56.300720739Z,2024-08-22T13:45:56.300552963Z,1,2,2639,T,A,0,38.910000000,3,130,167776,47712991,38.910000000,38.960000000,103,100,3,1,CAKE
2024-08-22T13:45:56.300747303Z,2024-08-22T13:45:56.300572564Z,1,2,2639,T,A,0,38.910000000,97,0,174739,47712997,38.910000000,38.960000000,100,100,3,1,CAKE
2024-08-22T13:45:56.300747303Z,2024-08-22T13:45:56.300572564Z,1,2,2639,T,A,0,38.910000000,2,0,174739,47712998,38.910000000,38.960000000,3,100,2,1,CAKE
2024-08-22T13:45:56.300747303Z,2024-08-22T13:45:56.300572564Z,1,2,2639,T,A,0,38.910000000,1,0,174739,47712999,38.910000000,38.960000000,1,100,1,1,CAKE
2024-08-22T13:45:56.300747303Z,2024-08-22T13:45:56.300572564Z,1,2,2639,T,N,0,38.910000000,3,128,174739,47713000,38.890000000,38.960000000,104,100,2,1,CAKE
2024-08-22T13:45:56.300750493Z,2024-08-22T13:45:56.300581115Z,1,2,2639,T,N,0,38.910000000,97,128,169378,47713002,38.890000000,38.960000000,104,100,2,1,CAKE
2024-08-22T13:46:01.326709422Z,2024-08-22T13:46:01.326539488Z,1,2,2639,T,A,0,38.890000000,4,0,169934,47932363,38.890000000,38.940000000,104,202,2,3,CAKE
2024-08-22T13:46:01.326709422Z,2024-08-22T13:46:01.326539488Z,1,2,2639,T,A,0,38.890000000,100,130,169934,47932364,38.890000000,38.940000000,100,202,1,3,CAKE
2024-08-22T13:46:01.326776283Z,2024-08-22T13:46:01.326606258Z,1,2,2639,T,A,0,38.880000000,2,128,170025,47932389,38.880000000,38.920000000,2,103,1,2,CAKE
2024-08-22T13:46:01.327758139Z,2024-08-22T13:46:01.327590923Z,1,2,2639,T,A,0,38.870000000,2,130,167216,47932598,38.870000000,38.910000000,2,100,1,1,CAKE
2024-08-22T13:46:01.329011002Z,2024-08-22T13:46:01.328843842Z,1,2,2639,T,A,0,38.860000000,6,130,167160,47932788,38.860000000,38.900000000,6,100,1,1,CAKE
2024-08-22T13:46:38.047381815Z,2024-08-22T13:46:38.047213901Z,1,2,2639,T,N,0,38.850000000,100,130,167914,49562494,38.810000000,38.900000000,3,100,1,1,CAKE
2024-08-22T13:46:52.210665239Z,2024-08-22T13:46:52.210497927Z,1,2,2639,T,N,0,38.850000000,100,130,167312,50118672,38.810000000,38.900000000,3,100,1,1,CAKE
2024-08-22T13:47:01.789665896Z,2024-08-22T13:47:01.789493399Z,1,2,2639,T,N,0,38.855000000,1,0,172497,50529843,38.810000000,38.900000000,101,203,2,3,CAKE
2024-08-22T13:47:01.789665896Z,2024-08-22T13:47:01.789495199Z,1,2,2639,T,N,0,38.855000000,1,128,170697,50529846,38.810000000,38.900000000,101,203,2,3,CAKE
2024-08-22T13:47:43.464064467Z,2024-08-22T13:47:43.463896654Z,1,2,2639,T,N,0,38.855000000,1,130,167813,52278617,38.810000000,38.900000000,101,306,2,5,CAKE
2024-08-22T13:47:50.150260145Z,2024-08-22T13:47:50.150089433Z,1,2,2639,T,A,0,38.810000000,100,0,170712,52468037,38.810000000,38.900000000,101,306,2,5,CAKE
2024-08-22T13:47:50.150260145Z,2024-08-22T13:47:50.150089433Z,1,2,2639,T,A,0,38.810000000,1,130,170712,52468038,38.810000000,38.900000000,1,306,1,5,CAKE
2024-08-22T13:47:50.150301926Z,2024-08-22T13:47:50.150129844Z,1,2,2639,T,A,0,38.800000000,76,128,172082,52468051,38.800000000,38.860000000,108,167,1,3,CAKE
2024-08-22T13:47:50.150335968Z,2024-08-22T13:47:50.150165377Z,1,2,2639,T,A,0,38.800000000,32,128,170591,52468064,38.800000000,38.860000000,32,127,1,2,CAKE
2024-08-22T13:47:57.586384661Z,2024-08-22T13:47:57.586214734Z,1,2,2639,T,A,0,38.770000000,1,0,169927,52724476,38.770000000,38.830000000,2,100,2,1,CAKE
2024-08-22T13:47:57.586384661Z,2024-08-22T13:47:57.586214734Z,1,2,2639,T,A,0,38.770000000,1,130,169927,52724477,38.770000000,38.830000000,1,100,1,1,CAKE
2024-08-22T13:47:57.586711608Z,2024-08-22T13:47:57.586539652Z,1,2,2639,T,A,0,38.730000000,12,0,171956,52724485,38.730000000,38.800000000,15,25,2,1,CAKE
2024-08-22T13:47:57.586711608Z,2024-08-22T13:47:57.586539652Z,1,2,2639,T,A,0,38.730000000,3,130,171956,52724486,38.730000000,38.800000000,3,25,1,1,CAKE
2024-08-22T13:48:51.829640112Z,2024-08-22T13:48:51.829472897Z,1,2,2639,T,N,0,38.720000000,1,130,167215,54910118,38.660000000,38.780000000,10,104,1,3,CAKE
2024-08-22T13:49:06.748828976Z,2024-08-22T13:49:06.748662598Z,1,2,2639,T,N,0,38.720000000,10,130,166378,55442875,38.670000000,38.770000000,112,7,3,2,CAKE
2024-08-22T13:49:52.678009214Z,2024-08-22T13:49:52.677831849Z,1,2,2639,T,N,0,38.715000000,2,128,177365,57028109,38.690000000,38.760000000,14,100,3,1,CAKE
2024-08-22T13:50:02.596030702Z,2024-08-22T13:50:02.595863614Z,1,2,2639,T,N,0,38.715000000,100,130,167088,57419382,38.690000000,38.760000000,13,206,3,4,CAKE
2024-08-22T13:50:14.101046644Z,2024-08-22T13:50:14.100878284Z,1,2,2639,T,B,0,38.760000000,1,130,168360,58027419,38.690000000,38.760000000,13,213,3,5,CAKE
2024-08-22T13:50:15.637489391Z,2024-08-22T13:50:15.637319581Z,1,2,2639,T,B,0,38.760000000,2,128,169810,58123955,38.690000000,38.760000000,13,312,3,6,CAKE
2024-08-22T13:50:16.932371766Z,2024-08-22T13:50:16.932204376Z,1,2,2639,T,B,0,38.760000000,2,130,167390,58168654,38.690000000,38.760000000,13,310,3,6,CAKE
2024-08-22T13:51:04.879786282Z,2024-08-22T13:51:04.879617275Z,1,2,2639,T,N,0,38.720000000,3,0,169007,60183503,38.690000000,38.760000000,13,213,3,5,CAKE
2024-08-22T13:51:04.879786282Z,2024-08-22T13:51:04.879618789Z,1,2,2639,T,N,0,38.720000000,2,130,167493,60183505,38.690000000,38.760000000,13,213,3,5,CAKE
2024-08-22T13:52:26.007663425Z,2024-08-22T13:52:26.007496662Z,1,2,2639,T,N,0,38.720000000,3,130,166763,63404028,38.690000000,38.760000000,12,113,2,4,CAKE
2024-08-22T13:53:12.477973302Z,2024-08-22T13:53:12.477806719Z,1,2,2639,T,N,0,38.700000000,100,130,166583,64963809,38.690000000,38.760000000,18,113,3,4,CAKE
2024-08-22T13:53:47.112194918Z,2024-08-22T13:53:47.112026596Z,1,2,2639,T,B,0,38.750000000,10,130,168322,66122120,38.690000000,38.750000000,10,100,1,1,CAKE
2024-08-22T13:54:00.768677673Z,2024-08-22T13:54:00.768509416Z,1,2,2639,T,N,0,38.710000000,100,130,168257,66572475,38.690000000,38.760000000,10,113,1,4,CAKE
2024-08-22T13:55:02.390115730Z,2024-08-22T13:55:02.389948332Z,1,2,2639,T,N,0,38.740000000,1,130,167398,68489179,38.690000000,38.750000000,10,108,1,2,CAKE
2024-08-22T13:55:18.310476466Z,2024-08-22T13:55:18.310309499Z,1,2,2639,T,N,0,38.740000000,100,130,166967,69089703,38.690000000,38.750000000,10,108,1,2,CAKE
2024-08-22T13:55:42.021957326Z,2024-08-22T13:55:42.021787335Z,1,2,2639,T,N,0,38.740000000,100,0,169991,70005899,38.690000000,38.750000000,159,108,5,2,CAKE
2024-08-22T13:55:42.021957326Z,2024-08-22T13:55:42.021787335Z,1,2,2639,T,B,0,38.750000000,8,128,169991,70005900,38.690000000,38.750000000,159,108,5,2,CAKE
2024-08-22T13:55:42.021979996Z,2024-08-22T13:55:42.021812129Z,1,2,2639,T,B,0,38.750000000,92,0,167867,70005903,38.690000000,38.750000000,159,100,5,2,CAKE
2024-08-22T13:55:42.021979996Z,2024-08-22T13:55:42.021812129Z,1,2,2639,T,B,0,38.750000000,8,130,167867,70005904,38.690000000,38.750000000,159,8,5,1,CAKE
2024-08-22T13:55:42.022167203Z,2024-08-22T13:55:42.022000160Z,1,2,2639,T,B,0,38.760000000,5,130,167043,70005938,38.720000000,38.760000000,114,100,2,1,CAKE
2024-08-22T13:56:00.047874300Z,2024-08-22T13:56:00.047698152Z,1,2,2639,T,N,0,38.735000000,10,0,176148,70632958,38.720000000,38.760000000,1,95,1,1,CAKE
2024-08-22T13:56:00.047874300Z,2024-08-22T13:56:00.047698152Z,1,2,2639,T,N,0,38.735000000,10,128,176148,70632959,38.720000000,38.760000000,1,95,1,1,CAKE
2024-08-22T13:56:00.048155355Z,2024-08-22T13:56:00.047983411Z,1,2,2639,T,A,0,38.720000000,1,128,171944,70633096,38.720000000,38.760000000,1,95,1,1,CAKE
2024-08-22T13:56:00.048427616Z,2024-08-22T13:56:00.048259393Z,1,2,2639,T,A,0,38.710000000,10,130,168223,70633237,38.710000000,38.750000000,10,100,1,1,CAKE
2024-08-22T13:56:01.422606637Z,2024-08-22T13:56:01.422438178Z,1,2,2639,T,N,0,38.690000000,3,0,168459,70703356,38.630000000,38.740000000,100,200,1,2,CAKE
2024-08-22T13:56:01.422606637Z,2024-08-22T13:56:01.422438178Z,1,2,2639,T,N,0,38.680000000,4,130,168459,70703357,38.630000000,38.740000000,100,200,1,2,CAKE
2024-08-22T13:56:28.756979505Z,2024-08-22T13:56:28.756812922Z,1,2,2639,T,N,0,38.680000000,100,130,166583,71658877,38.640000000,38.730000000,1,100,1,1,CAKE
2024-08-22T13:56:57.816084616Z,2024-08-22T13:56:57.815917955Z,1,2,2639,T,N,0,38.690000000,1,130,166661,72536663,38.650000000,38.740000000,3,207,2,3,CAKE
2024-08-22T13:58:24.025387007Z,2024-08-22T13:58:24.025219680Z,1,2,2639,T,N,0,38.655000000,30,130,167327,74983047,38.650000000,38.730000000,10,100,1,1,CAKE
2024-08-22T13:59:30.668660193Z,2024-08-22T13:59:30.668493448Z,1,2,2639,T,N,0,38.720000000,1,130,166745,76920600,38.660000000,38.730000000,1,100,1,1,CAKE
2024-08-22T13:59:36.771294585Z,2024-08-22T13:59:36.771122640Z,1,2,2639,T,N,0,38.730000000,45,0,171945,77063272,38.680000000,38.740000000,6,109,1,4,CAKE
2024-08-22T13:59:36.771294585Z,2024-08-22T13:59:36.771122640Z,1,2,2639,T,B,0,38.740000000,20,0,171945,77063273,38.680000000,38.740000000,6,109,1,4,CAKE
2024-08-22T13:59:36.771294585Z,2024-08-22T13:59:36.771124069Z,1,2,2639,T,N,0,38.710000000,100,130,170516,77063274,38.680000000,38.740000000,6,89,1,4,CAKE
2024-08-22T13:59:36.771295633Z,2024-08-22T13:59:36.771127151Z,1,2,2639,T,N,0,38.710000000,100,130,168482,77063275,38.680000000,38.740000000,6,89,1,4,CAKE
2024-08-22T13:59:36.771310791Z,2024-08-22T13:59:36.771139462Z,1,2,2639,T,B,0,38.740000000,80,0,171329,77063277,38.680000000,38.740000000,6,89,1,4,CAKE
2024-08-22T13:59:36.771310791Z,2024-08-22T13:59:36.771139462Z,1,2,2639,T,B,0,38.740000000,7,0,171329,77063278,38.680000000,38.740000000,6,9,1,3,CAKE
2024-08-22T13:59:36.771310791Z,2024-08-22T13:59:36.771139462Z,1,2,2639,T,B,0,38.740000000,1,0,171329,77063279,38.680000000,38.740000000,6,2,1,2,CAKE
2024-08-22T13:59:36.771310791Z,2024-08-22T13:59:36.771139462Z,1,2,2639,T,B,0,38.740000000,1,130,171329,77063280,38.680000000,38.740000000,6,1,1,1,CAKE
2024-08-22T13:59:37.030240042Z,2024-08-22T13:59:37.030073560Z,1,2,2639,T,B,0,38.750000000,100,130,166482,77067054,38.690000000,38.750000000,18,100,1,1,CAKE
2024-08-22T13:59:37.030300080Z,2024-08-22T13:59:37.030132770Z,1,2,2639,T,B,0,38.760000000,100,130,167310,77067060,38.720000000,38.760000000,240,100,4,1,CAKE
2024-08-22T13:59:37.030314933Z,2024-08-22T13:59:37.030147966Z,1,2,2639,T,B,0,38.770000000,42,130,166967,77067062,38.720000000,38.770000000,240,224,4,3,CAKE
2024-08-22T13:59:37.030373060Z,2024-08-22T13:59:37.030205026Z,1,2,2639,T,B,0,38.770000000,42,130,168034,77067068,38.720000000,38.770000000,440,182,5,3,CAKE
2024-08-22T13:59:37.030382543Z,2024-08-22T13:59:37.030210171Z,1,2,2639,T,B,0,38.770000000,16,0,172372,77067069,38.720000000,38.770000000,440,140,5,3,CAKE
2024-08-22T13:59:37.030382543Z,2024-08-22T13:59:37.030210171Z,1,2,2639,T,B,0,38.770000000,24,0,172372,77067070,38.720000000,38.770000000,440,124,5,2,CAKE
2024-08-22T13:59:37.030382543Z,2024-08-22T13:59:37.030210171Z,1,2,2639,T,B,0,38.770000000,2,0,172372,77067071,38.720000000,38.770000000,440,100,5,1,CAKE
2024-08-22T13:59:37.030382543Z,2024-08-22T13:59:37.030213359Z,1,2,2639,T,B,0,38.770000000,98,130,169184,77067072,38.720000000,38.770000000,440,98,5,1,CAKE
2024-08-22T13:59:37.032300325Z,2024-08-22T13:59:37.032131296Z,1,2,2639,T,B,0,38.780000000,100,0,169029,77067112,38.720000000,38.780000000,215,200,2,2,CAKE
2024-08-22T13:59:37.032300325Z,2024-08-22T13:59:37.032131296Z,1,2,2639,T,B,0,38.780000000,100,130,169029,77067113,38.720000000,38.780000000,215,100,2,1,CAKE
2024-08-22T13:59:38.060979792Z,2024-08-22T13:59:38.060813166Z,1,2,2639,T,N,0,38.795000000,20,130,166626,77089513,38.750000000,38.850000000,18,100,1,1,CAKE
2024-08-22T13:59:50.469229849Z,2024-08-22T13:59:50.469062609Z,1,2,2639,T,N,0,38.810000000,2,130,167240,77337391,38.750000000,38.830000000,18,100,1,1,CAKE
2024-08-22T14:00:00.396562063Z,2024-08-22T14:00:00.396394722Z,1,2,2639,T,N,0,38.790000000,10,130,167341,77632894,38.750000000,38.840000000,18,333,1,4,CAKE
2024-08-22T14:00:27.415322064Z,2024-08-22T14:00:27.415155131Z,1,2,2639,T,A,0,38.750000000,18,130,166933,78337851,38.750000000,38.840000000,18,235,1,5,CAKE
2024-08-22T14:00:27.415336642Z,2024-08-22T14:00:27.415169426Z,1,2,2639,T,A,0,38.740000000,84,130,167216,78337852,38.740000000,38.840000000,93,235,1,5,CAKE
2024-08-22T14:00:27.415345296Z,2024-08-22T14:00:27.415176121Z,1,2,2639,T,A,0,38.740000000,9,0,169175,78337853,38.740000000,38.840000000,9,235,1,5,CAKE
2024-08-22T14:00:27.415475013Z,2024-08-22T14:00:27.415306881Z,1,2,2639,T,N,0,38.740000000,100,130,168132,78337871,38.730000000,38.790000000,100,119,1,2,CAKE
2024-08-22T14:00:27.415485867Z,2024-08-22T14:00:27.415316584Z,1,2,2639,T,A,0,38.730000000,42,130,169283,78337873,38.730000000,38.790000000,100,119,1,2,CAKE
2024-08-22T14:00:27.415852317Z,2024-08-22T14:00:27.415683547Z,1,2,2639,T,A,0,38.730000000,58,130,168770,78337894,38.730000000,38.790000000,58,219,1,2,CAKE
2024-08-22T14:00:28.160121242Z,2024-08-22T14:00:28.159953908Z,1,2,2639,T,N,0,38.750000000,20,130,167334,78345926,38.710000000,38.800000000,14,100,3,1,CAKE
2024-08-22T14:01:56.164258023Z,2024-08-22T14:01:56.164089838Z,1,2,2639,T,N,0,38.770000000,50,128,168185,81762072,38.720000000,38.800000000,50,102,1,2,CAKE
2024-08-22T14:02:42.190147373Z,2024-08-22T14:02:42.189980880Z,1,2,2639,T,B,0,38.790000000,2,130,166493,83502485,38.710000000,38.790000000,140,2,4,1,CAKE
2024-08-22T14:02:42.205301597Z,2024-08-22T14:02:42.205134430Z,1,2,2639,T,B,0,38.800000000,2,130,167167,83502836,38.720000000,38.800000000,210,100,2,1,CAKE
2024-08-22T14:03:08.176947273Z,2024-08-22T14:03:08.176780436Z,1,2,2639,T,B,0,38.810000000,4,130,166837,84406739,38.730000000,38.810000000,237,202,3,3,CAKE
2024-08-22T14:03:10.028598238Z,2024-08-22T14:03:10.028431228Z,1,2,2639,T,B,0,38.800000000,1,130,167010,84460855,38.730000000,38.800000000,237,100,3,1,CAKE
2024-08-22T14:03:36.260395480Z,2024-08-22T14:03:36.260228701Z,1,2,2639,T,B,0,38.810000000,1,130,166779,85429591,38.750000000,38.810000000,4,2,1,1,CAKE
2024-08-22T14:03:58.500177429Z,2024-08-22T14:03:58.500010379Z,1,2,2639,T,B,0,38.810000000,1,130,167050,86084466,38.750000000,38.810000000,320,1,4,1,CAKE
2024-08-22T14:04:38.037153538Z,2024-08-22T14:04:38.036978995Z,1,2,2639,T,B,0,38.820000000,1,128,174543,87338201,38.780000000,38.820000000,24,1,1,1,CAKE
2024-08-22T14:04:44.020272857Z,2024-08-22T14:04:44.020106393Z,1,2,2639,T,N,0,38.820000000,100,130,166464,87505041,38.790000000,38.840000000,134,100,3,1,CAKE
2024-08-22T14:04:44.020298661Z,2024-08-22T14:04:44.020130223Z,1,2,2639,T,B,0,38.840000000,93,130,168438,87505042,38.790000000,38.840000000,134,100,3,1,CAKE
2024-08-22T14:04:44.020470940Z,2024-08-22T14:04:44.020304481Z,1,2,2639,T,B,0,38.840000000,7,130,166459,87505044,38.790000000,38.840000000,334,7,4,1,CAKE
2024-08-22T14:05:52.071421294Z,2024-08-22T14:05:52.071253658Z,1,2,2639,T,N,0,38.820000000,50,130,167636,89862450,38.800000000,38.850000000,16,6,1,2,CAKE
2024-08-22T14:06:27.987986489Z,2024-08-22T14:06:27.987799656Z,1,2,2639,T,A,0,38.800000000,16,0,186833,91505098,38.800000000,38.850000000,30,8,3,4,CAKE
2024-08-22T14:06:27.987986489Z,2024-08-22T14:06:27.987799656Z,1,2,2639,T,A,0,38.800000000,10,0,186833,91505099,38.800000000,38.850000000,14,8,2,4,CAKE
2024-08-22T14:06:27.987986489Z,2024-08-22T14:06:27.987799656Z,1,2,2639,T,A,0,38.800000000,4,128,186833,91505100,38.800000000,38.850000000,4,8,1,4,CAKE
2024-08-22T14:06:27.987994935Z,2024-08-22T14:06:27.987807967Z,1,2,2639,T,A,0,38.790000000,100,128,186968,91505117,38.790000000,38.850000000,100,8,1,4,CAKE
2024-08-22T14:06:28.000252454Z,2024-08-22T14:06:28.000073187Z,1,2,2639,T,A,0,38.790000000,86,128,179267,91519248,38.790000000,38.840000000,100,100,1,1,CAKE
2024-08-22T14:06:28.000259628Z,2024-08-22T14:06:28.000078892Z,1,2,2639,T,A,0,38.790000000,14,128,180736,91519254,38.790000000,38.840000000,14,100,1,1,CAKE
2024-08-22T14:06:28.000404121Z,2024-08-22T14:06:28.000222582Z,1,2,2639,T,A,0,38.780000000,24,0,181539,91519403,38.780000000,38.840000000,50,100,2,1,CAKE
2024-08-22T14:06:28.000404121Z,2024-08-22T14:06:28.000222582Z,1,2,2639,T,A,0,38.780000000,26,128,181539,91519404,38.780000000,38.840000000,26,100,1,1,CAKE
2024-08-22T14:06:28.018012907Z,2024-08-22T14:06:28.017845377Z,1,2,2639,T,A,0,38.790000000,10,128,167530,91538235,38.790000000,38.830000000,10,300,1,2,CAKE
2024-08-22T14:06:28.036982671Z,2024-08-22T14:06:28.036810613Z,1,2,2639,T,A,0,38.790000000,10,128,172058,91548738,38.790000000,38.820000000,10,100,1,1,CAKE
2024-08-22T14:08:36.205312879Z,2024-08-22T14:08:36.205145536Z,1,2,2639,T,A,0,38.760000000,70,130,167343,96626608,38.760000000,38.830000000,126,200,3,2,CAKE
2024-08-22T14:08:36.205321071Z,2024-08-22T14:08:36.205148140Z,1,2,2639,T,A,0,38.760000000,30,0,172931,96626609,38.760000000,38.830000000,56,200,3,2,CAKE
2024-08-22T14:08:36.205321071Z,2024-08-22T14:08:36.205148140Z,1,2,2639,T,A,0,38.760000000,10,0,172931,96626610,38.760000000,38.830000000,26,200,2,2,CAKE
2024-08-22T14:08:36.205321071Z,2024-08-22T14:08:36.205148140Z,1,2,2639,T,A,0,38.760000000,16,128,172931,96626611,38.760000000,38.830000000,16,200,1,2,CAKE
2024-08-22T14:08:36.205603342Z,2024-08-22T14:08:36.205435205Z,1,2,2639,T,A,0,38.750000000,81,130,168137,96626631,38.750000000,38.810000000,116,200,2,1,CAKE
2024-08-22T14:08:36.212842754Z,2024-08-22T14:08:36.212674259Z,1,2,2639,T,A,0,38.750000000,19,0,168495,96627045,38.750000000,38.810000000,35,200,2,1,CAKE
2024-08-22T14:08:36.212842754Z,2024-08-22T14:08:36.212674259Z,1,2,2639,T,A,0,38.750000000,16,130,168495,96627046,38.750000000,38.810000000,16,200,1,1,CAKE
2024-08-22T14:08:36.222218073Z,2024-08-22T14:08:36.222050786Z,1,2,2639,T,A,0,38.740000000,15,130,167287,96627364,38.740000000,38.800000000,15,100,1,1,CAKE
2024-08-22T14:08:36.231265294Z,2024-08-22T14:08:36.231097823Z,1,2,2639,T,A,0,38.720000000,1,130,167471,96627839,38.720000000,38.780000000,1,305,1,3,CAKE
2024-08-22T14:08:36.231279980Z,2024-08-22T14:08:36.231111782Z,1,2,2639,T,A,0,38.710000000,1,130,168198,96627840,38.710000000,38.780000000,1,305,1,3,CAKE
2024-08-22T14:11:13.942069964Z,2024-08-22T14:11:13.941903286Z,1,2,2639,T,N,0,38.720000000,5,130,166678,103058524,38.650000000,38.740000000,26,300,1,3,CAKE
2024-08-22T14:11:13.942857434Z,2024-08-22T14:11:13.942690699Z,1,2,2639,T,A,0,38.650000000,1,130,166735,103058534,38.650000000,38.740000000,26,300,1,3,CAKE
2024-08-22T14:11:14.196700139Z,2024-08-22T14:11:14.196533719Z,1,2,2639,T,A,0,38.650000000,25,130,166420,103064665,38.650000000,38.730000000,25,100,1,1,CAKE
2024-08-22T14:11:14.196725309Z,2024-08-22T14:11:14.196554365Z,1,2,2639,T,N,0,38.650000000,50,0,170944,103064666,38.640000000,38.730000000,124,100,3,1,CAKE
2024-08-22T14:11:14.196779104Z,2024-08-22T14:11:14.196610301Z,1,2,2639,T,A,0,38.640000000,10,0,168803,103064676,38.640000000,38.690000000,124,43,3,2,CAKE
2024-08-22T14:11:14.196779104Z,2024-08-22T14:11:14.196610301Z,1,2,2639,T,A,0,38.640000000,61,0,168803,103064677,38.640000000,38.690000000,114,43,2,2,CAKE
2024-08-22T14:11:14.196779104Z,2024-08-22T14:11:14.196610301Z,1,2,2639,T,A,0,38.640000000,53,130,168803,103064678,38.640000000,38.690000000,53,43,1,2,CAKE
2024-08-22T14:11:14.204482268Z,2024-08-22T14:11:14.204314029Z,1,2,2639,T,A,0,38.630000000,24,0,168239,103064836,38.630000000,38.680000000,29,200,2,1,CAKE
2024-08-22T14:11:14.204482268Z,2024-08-22T14:11:14.204314029Z,1,2,2639,T,A,0,38.630000000,5,130,168239,103064837,38.630000000,38.680000000,5,200,1,1,CAKE
2024-08-22T14:11:19.091058119Z,2024-08-22T14:11:19.090888726Z,1,2,2639,T,B,0,38.660000000,100,0,169393,103218308,38.620000000,38.660000000,100,219,1,5,CAKE
2024-08-22T14:11:19.091058119Z,2024-08-22T14:11:19.090888726Z,1,2,2639,T,B,0,38.660000000,8,0,169393,103218309,38.620000000,38.660000000,100,119,1,4,CAKE
2024-08-22T14:11:19.091058119Z,2024-08-22T14:11:19.090888726Z,1,2,2639,T,B,0,38.660000000,7,0,169393,103218310,38.620000000,38.660000000,100,111,1,3,CAKE
2024-08-22T14:11:19.091058119Z,2024-08-22T14:11:19.090888726Z,1,2,2639,T,B,0,38.660000000,3,130,169393,103218311,38.620000000,38.660000000,100,104,1,2,CAKE
2024-08-22T14:11:19.091062814Z,2024-08-22T14:11:19.090895667Z,1,2,2639,T,B,0,38.660000000,97,0,167147,103218312,38.620000000,38.660000000,100,101,1,2,CAKE
2024-08-22T14:11:19.091062814Z,2024-08-22T14:11:19.090895667Z,1,2,2639,T,B,0,38.660000000,4,130,167147,103218313,38.620000000,38.660000000,100,4,1,1,CAKE
2024-08-22T14:11:19.091073100Z,2024-08-22T14:11:19.090901548Z,1,2,2639,T,N,0,38.660000000,100,0,171552,103218314,38.620000000,38.670000000,100,400,1,3,CAKE
2024-08-22T14:11:19.091073100Z,2024-08-22T14:11:19.090901548Z,1,2,2639,T,N,0,38.660000000,1,0,171552,103218315,38.620000000,38.670000000,100,400,1,3,CAKE
2024-08-22T14:11:19.091088509Z,2024-08-22T14:11:19.090913232Z,1,2,2639,T,B,0,38.660000000,100,0,175277,103218317,38.620000000,38.660000000,100,100,1,1,CAKE
2024-08-22T14:11:19.091088509Z,2024-08-22T14:11:19.090913232Z,1,2,2639,T,N,0,38.660000000,1,0,175277,103218318,38.620000000,38.670000000,100,400,1,3,CAKE
2024-08-22T14:11:19.091088509Z,2024-08-22T14:11:19.090913869Z,1,2,2639,T,N,0,38.660000000,101,0,174640,103218319,38.620000000,38.670000000,100,400,1,3,CAKE
2024-08-22T14:11:19.091088509Z,2024-08-22T14:11:19.090914327Z,1,2,2639,T,N,0,38.660000000,101,0,174182,103218320,38.620000000,38.670000000,100,400,1,3,CAKE
2024-08-22T14:11:19.091090169Z,2024-08-22T14:11:19.090920200Z,1,2,2639,T,N,0,38.660000000,96,0,169969,103218322,38.630000000,38.670000000,100,400,1,3,CAKE
2024-08-22T14:11:19.091330777Z,2024-08-22T14:11:19.091163639Z,1,2,2639,T,B,0,38.670000000,1,130,167138,103218337,38.640000000,38.670000000,100,100,1,1,CAKE
2024-08-22T14:11:19.091349612Z,2024-08-22T14:11:19.091183376Z,1,2,2639,T,B,0,38.670000000,1,130,166236,103218338,38.640000000,38.670000000,100,99,1,1,CAKE
2024-08-22T14:11:19.091593140Z,2024-08-22T14:11:19.091425998Z,1,2,2639,T,B,0,38.670000000,98,130,167142,103218346,38.640000000,38.670000000,200,98,1,1,CAKE
2024-08-22T14:11:19.260958423Z,2024-08-22T14:11:19.260791619Z,1,2,2639,T,B,0,38.660000000,100,130,166804,103223270,38.620000000,38.660000000,100,100,1,1,CAKE
2024-08-22T14:13:47.419744134Z,2024-08-22T14:13:47.419576939Z,1,2,2639,T,B,0,38.680000000,100,130,167195,108878061,38.620000000,38.680000000,164,100,3,1,CAKE
2024-08-22T14:13:47.419934010Z,2024-08-22T14:13:47.419761258Z,1,2,2639,T,B,0,38.690000000,100,0,172752,108878090,38.650000000,38.690000000,321,117,3,2,CAKE
2024-08-22T14:13:47.419934010Z,2024-08-22T14:13:47.419761258Z,1,2,2639,T,B,0,38.690000000,17,128,172752,108878091,38.650000000,38.690000000,321,17,3,1,CAKE
2024-08-22T14:13:59.256369322Z,2024-08-22T14:13:59.256200659Z,1,2,2639,T,B,0,38.710000000,12,0,168663,109269000,38.660000000,38.710000000,178,112,4,2,CAKE
2024-08-22T14:13:59.256369322Z,2024-08-22T14:13:59.256200659Z,1,2,2639,T,B,0,38.710000000,100,130,168663,109269001,38.660000000,38.710000000,178,100,4,1,CAKE
2024-08-22T14:14:43.124998517Z,2024-08-22T14:14:43.124831080Z,1,2,2639,T,B,0,38.740000000,10,130,167437,110597213,38.700000000,38.740000000,10,200,1,2,CAKE
2024-08-22T14:15:50.823501145Z,2024-08-22T14:15:50.823332795Z,1,2,2639,T,A,0,38.700000000,10,130,168350,112989795,38.700000000,38.740000000,10,105,1,3,CAKE
2024-08-22T14:15:56.339935067Z,2024-08-22T14:15:56.339766907Z,1,2,2639,T,N,0,38.700000000,11,128,168160,113201186,38.680000000,38.720000000,146,100,7,1,CAKE
2024-08-22T14:15:58.846268147Z,2024-08-22T14:15:58.846098906Z,1,2,2639,T,A,0,38.680000000,3,0,169241,113381182,38.680000000,38.720000000,156,200,8,2,CAKE
2024-08-22T14:15:58.846268147Z,2024-08-22T14:15:58.846098906Z,1,2,2639,T,A,0,38.680000000,54,0,169241,113381183,38.680000000,38.720000000,153,200,7,2,CAKE
2024-08-22T14:15:58.846268147Z,2024-08-22T14:15:58.846098906Z,1,2,2639,T,A,0,38.680000000,25,130,169241,113381184,38.680000000,38.720000000,99,200,6,2,CAKE
2024-08-22T14:15:58.846273853Z,2024-08-22T14:15:58.846098906Z,1,2,2639,T,A,0,38.680000000,22,0,174947,113381185,38.680000000,38.720000000,74,200,5,2,CAKE
2024-08-22T14:15:58.846273853Z,2024-08-22T14:15:58.846098906Z,1,2,2639,T,A,0,38.680000000,4,0,174947,113381186,38.680000000,38.720000000,52,200,4,2,CAKE
2024-08-22T14:15:58.846273853Z,2024-08-22T14:15:58.846098906Z,1,2,2639,T,A,0,38.680000000,19,0,174947,113381187,38.680000000,38.720000000,48,200,3,2,CAKE
2024-08-22T14:15:58.846273853Z,2024-08-22T14:15:58.846098906Z,1,2,2639,T,A,0,38.680000000,19,0,174947,113381188,38.680000000,38.720000000,29,200,2,2,CAKE
2024-08-22T14:15:58.846273853Z,2024-08-22T14:15:58.846098906Z,1,2,2639,T,A,0,38.680000000,10,128,174947,113381189,38.680000000,38.720000000,10,200,1,2,CAKE
2024-08-22T14:15:58.846756590Z,2024-08-22T14:15:58.846585855Z,1,2,2639,T,A,0,38.670000000,53,0,170735,113381243,38.670000000,38.710000000,76,300,5,2,CAKE
2024-08-22T14:15:58.846756590Z,2024-08-22T14:15:58.846585855Z,1,2,2639,T,A,0,38.670000000,1,0,170735,113381244,38.670000000,38.710000000,23,300,4,2,CAKE
2024-08-22T14:15:58.846756590Z,2024-08-22T14:15:58.846585855Z,1,2,2639,T,A,0,38.670000000,2,130,170735,113381245,38.670000000,38.710000000,22,300,3,2,CAKE
2024-08-22T14:15:58.847008723Z,2024-08-22T14:15:58.846841757Z,1,2,2639,T,A,0,38.670000000,4,130,166966,113381291,38.670000000,38.700000000,20,200,2,1,CAKE
2024-08-22T14:15:59.520818576Z,2024-08-22T14:15:59.520643874Z,1,2,2639,T,A,0,38.670000000,6,0,174702,113413948,38.670000000,38.700000000,16,100,2,1,CAKE
2024-08-22T14:15:59.520818576Z,2024-08-22T14:15:59.520643874Z,1,2,2639,T,A,0,38.670000000,10,128,174702,113413949,38.670000000,38.700000000,10,100,1,1,CAKE
2024-08-22T14:16:46.763813333Z,2024-08-22T14:16:46.763645877Z,1,2,2639,T,N,0,38.690000000,1,130,167456,115067854,38.660000000,38.710000000,161,100,4,1,CAKE
2024-08-22T14:16:54.951755205Z,2024-08-22T14:16:54.951586579Z,1,2,2639,T,B,0,38.710000000,100,130,168626,115285708,38.660000000,38.710000000,161,100,4,1,CAKE
2024-08-22T14:16:55.212621699Z,2024-08-22T14:16:55.212454558Z,1,2,2639,T,B,0,38.740000000,100,130,167141,115303568,38.680000000,38.740000000,111,100,2,1,CAKE
2024-08-22T14:17:02.431641094Z,2024-08-22T14:17:02.431472681Z,1,2,2639,T,B,0,38.770000000,1,0,168413,115559704,38.710000000,38.770000000,91,5,3,3,CAKE
2024-08-22T14:17:02.431641094Z,2024-08-22T14:17:02.431472681Z,1,2,2639,T,B,0,38.770000000,2,0,168413,115559705,38.710000000,38.770000000,91,4,3,2,CAKE
2024-08-22T14:17:02.431641094Z,2024-08-22T14:17:02.431472681Z,1,2,2639,T,B,0,38.770000000,2,130,168413,115559706,38.710000000,38.770000000,91,2,3,1,CAKE
2024-08-22T14:17:25.608351556Z,2024-08-22T14:17:25.608182182Z,1,2,2639,T,A,0,38.730000000,19,0,169374,116371608,38.730000000,38.770000000,65,2,3,1,CAKE
2024-08-22T14:17:25.608351556Z,2024-08-22T14:17:25.608182182Z,1,2,2639,T,A,0,38.730000000,19,0,169374,116371609,38.730000000,38.770000000,46,2,2,1,CAKE
2024-08-22T14:17:25.608351556Z,2024-08-22T14:17:25.608182182Z,1,2,2639,T,A,0,38.730000000,27,130,169374,116371610,38.730000000,38.770000000,27,2,1,1,CAKE
2024-08-22T14:17:25.608633985Z,2024-08-22T14:17:25.608464810Z,1,2,2639,T,A,0,38.720000000,100,0,169175,116371623,38.720000000,38.760000000,138,300,3,2,CAKE
2024-08-22T14:17:25.608633985Z,2024-08-22T14:17:25.608464810Z,1,2,2639,T,A,0,38.720000000,19,0,169175,116371624,38.720000000,38.760000000,38,300,2,2,CAKE
2024-08-22T14:17:25.608633985Z,2024-08-22T14:17:25.608464810Z,1,2,2639,T,A,0,38.720000000,19,130,169175,116371625,38.720000000,38.760000000,19,300,1,2,CAKE
2024-08-22T14:17:25.608732459Z,2024-08-22T14:17:25.608564724Z,1,2,2639,T,A,0,38.710000000,53,0,167735,116371632,38.710000000,38.740000000,283,200,3,2,CAKE
2024-08-22T14:17:25.608732459Z,2024-08-22T14:17:25.608564724Z,1,2,2639,T,A,0,38.710000000,32,130,167735,116371633,38.710000000,38.740000000,230,200,2,2,CAKE
2024-08-22T14:17:25.608928209Z,2024-08-22T14:17:25.608759123Z,1,2,2639,T,A,0,38.710000000,30,0,169086,116371643,38.710000000,38.740000000,130,300,2,2,CAKE
2024-08-22T14:17:25.608928209Z,2024-08-22T14:17:25.608759123Z,1,2,2639,T,A,0,38.710000000,100,128,169086,116371644,38.710000000,38.740000000,100,300,1,2,CAKE
2024-08-22T14:17:26.241989667Z,2024-08-22T14:17:26.241821024Z,1,2,2639,T,N,0,38.710000000,53,130,168643,116394051,38.690000000,38.750000000,57,300,2,2,CAKE
2024-08-22T14:17:27.010120616Z,2024-08-22T14:17:27.009954246Z,1,2,2639,T,N,0,38.710000000,50,130,166370,116415701,38.690000000,38.760000000,57,300,2,2,CAKE
2024-08-22T14:17:27.010490308Z,2024-08-22T14:17:27.010323521Z,1,2,2639,T,N,0,38.710000000,50,130,166787,116415706,38.690000000,38.760000000,57,300,2,2,CAKE
2024-08-22T14:17:28.670972128Z,2024-08-22T14:17:28.670805694Z,1,2,2639,T,N,0,38.710000000,50,130,166434,116469336,38.690000000,38.770000000,104,202,3,2,CAKE
2024-08-22T14:17:28.703452413Z,2024-08-22T14:17:28.703286343Z,1,2,2639,T,N,0,38.710000000,100,130,166070,116470455,38.690000000,38.770000000,104,202,3,2,CAKE
2024-08-22T14:17:33.554221501Z,2024-08-22T14:17:33.554034509Z,1,2,2639,T,N,0,38.710000000,100,128,186992,116598435,38.690000000,38.770000000,104,2,3,1,CAKE
2024-08-22T14:17:36.973224883Z,2024-08-22T14:17:36.973046096Z,1,2,2639,T,N,0,38.710000000,100,128,178787,116714159,38.690000000,38.770000000,104,2,3,1,CAKE
2024-08-22T14:17:38.037785052Z,2024-08-22T14:17:38.037617325Z,1,2,2639,T,N,0,38.710000000,100,128,167727,116741265,38.690000000,38.770000000,104,2,3,1,CAKE
2024-08-22T14:17:41.461144324Z,2024-08-22T14:17:41.460976155Z,1,2,2639,T,N,0,38.710000000,300,128,168169,116829664,38.690000000,38.770000000,104,202,3,3,CAKE
2024-08-22T14:17:55.473926400Z,2024-08-22T14:17:55.473758916Z,1,2,2639,T,N,0,38.710000000,200,130,167484,117255682,38.690000000,38.770000000,121,6,4,2,CAKE
2024-08-22T14:18:43.645118838Z,2024-08-22T14:18:43.644951064Z,1,2,2639,T,N,0,38.710000000,32,130,167774,118737419,38.700000000,38.770000000,20,209,2,6,CAKE
2024-08-22T14:19:00.055228089Z,2024-08-22T14:19:00.055053846Z,1,2,2639,T,B,0,38.770000000,2,0,174243,119235154,38.700000000,38.770000000,120,109,3,5,CAKE
2024-08-22T14:19:00.055228089Z,2024-08-22T14:19:00.055053846Z,1,2,2639,T,B,0,38.770000000,4,0,174243,119235155,38.700000000,38.770000000,120,107,3,4,CAKE
2024-08-22T14:19:00.055228089Z,2024-08-22T14:19:00.055053846Z,1,2,2639,T,B,0,38.770000000,1,0,174243,119235156,38.700000000,38.770000000,120,103,3,3,CAKE
2024-08-22T14:19:00.055228089Z,2024-08-22T14:19:00.055053846Z,1,2,2639,T,B,0,38.770000000,100,0,174243,119235157,38.700000000,38.770000000,120,102,3,2,CAKE
2024-08-22T14:19:00.055228089Z,2024-08-22T14:19:00.055053846Z,1,2,2639,T,B,0,38.770000000,2,0,174243,119235158,38.700000000,38.770000000,120,2,3,1,CAKE
2024-08-22T14:19:00.055228089Z,2024-08-22T14:19:00.055056352Z,1,2,2639,T,N,0,38.770000000,100,0,171737,119235159,38.700000000,38.780000000,120,17,3,1,CAKE
2024-08-22T14:19:00.055228089Z,2024-08-22T14:19:00.055056352Z,1,2,2639,T,N,0,38.770000000,100,130,171737,119235160,38.700000000,38.780000000,120,17,3,1,CAKE
2024-08-22T14:19:00.055363239Z,2024-08-22T14:19:00.055192224Z,1,2,2639,T,B,0,38.780000000,17,130,171015,119235187,38.770000000,38.780000000,10,17,1,1,CAKE
2024-08-22T14:19:00.055528450Z,2024-08-22T14:19:00.055359614Z,1,2,2639,T,N,0,38.780000000,100,130,168836,119235200,38.770000000,38.790000000,10,112,1,2,CAKE
2024-08-22T14:19:00.143783492Z,2024-08-22T14:19:00.143614635Z,1,2,2639,T,B,0,38.790000000,12,0,168857,119239511,38.780000000,38.790000000,10,112,1,2,CAKE
2024-08-22T14:19:00.143783492Z,2024-08-22T14:19:00.143614635Z,1,2,2639,T,B,0,38.790000000,52,130,168857,119239512,38.780000000,38.790000000,10,100,1,1,CAKE
2024-08-22T14:19:00.143802515Z,2024-08-22T14:19:00.143636197Z,1,2,2639,T,B,0,38.790000000,48,130,166318,119239514,38.780000000,38.790000000,10,148,1,2,CAKE
2024-08-22T14:19:00.143828620Z,2024-08-22T14:19:00.143662111Z,1,2,2639,T,B,0,38.790000000,100,130,166509,119239516,38.780000000,38.790000000,10,100,1,1,CAKE
2024-08-22T14:19:00.143842009Z,2024-08-22T14:19:00.143673400Z,1,2,2639,T,N,0,38.790000000,100,130,168609,119239517,38.780000000,38.820000000,10,200,1,1,CAKE
2024-08-22T14:19:00.944766895Z,2024-08-22T14:19:00.944599408Z,1,2,2639,T,A,0,38.790000000,10,130,167487,119274308,38.790000000,38.800000000,10,100,1,1,CAKE
2024-08-22T14:19:00.945295879Z,2024-08-22T14:19:00.945129109Z,1,2,2639,T,B,0,38.790000000,100,130,166770,119274374,38.750000000,38.790000000,310,100,3,1,CAKE
2024-08-22T14:19:10.226334437Z,2024-08-22T14:19:10.226166671Z,1,2,2639,T,B,0,38.800000000,100,0,167766,119548971,38.760000000,38.800000000,110,101,2,2,CAKE
2024-08-22T14:19:10.226334437Z,2024-08-22T14:19:10.226166671Z,1,2,2639,T,B,0,38.800000000,1,130,167766,119548972,38.760000000,38.800000000,110,1,2,1,CAKE
2024-08-22T14:20:10.036153717Z,2024-08-22T14:20:10.035985884Z,1,2,2639,T,N,0,38.820000000,127,0,167833,121318786,38.780000000,38.830000000,37,125,2,3,CAKE
2024-08-22T14:20:10.036153717Z,2024-08-22T14:20:10.035985884Z,1,2,2639,T,N,0,38.820000000,73,130,167833,121318787,38.780000000,38.830000000,37,125,2,3,CAKE
2024-08-22T14:21:43.336778609Z,2024-08-22T14:21:43.336607719Z,1,2,2639,T,B,0,38.830000000,24,0,170890,124447887,38.780000000,38.830000000,228,225,7,4,CAKE
2024-08-22T14:21:43.336778609Z,2024-08-22T14:21:43.336607719Z,1,2,2639,T,B,0,38.830000000,100,0,170890,124447888,38.780000000,38.830000000,228,201,7,3,CAKE
2024-08-22T14:21:43.336778609Z,2024-08-22T14:21:43.336607719Z,1,2,2639,T,B,0,38.830000000,1,0,170890,124447889,38.780000000,38.830000000,228,101,7,2,CAKE
2024-08-22T14:21:43.336778609Z,2024-08-22T14:21:43.336607719Z,1,2,2639,T,B,0,38.830000000,100,130,170890,124447890,38.780000000,38.830000000,228,100,7,1,CAKE
2024-08-22T14:21:43.336875103Z,2024-08-22T14:21:43.336708408Z,1,2,2639,T,B,0,38.840000000,6,130,166695,124447906,38.800000000,38.840000000,100,6,1,1,CAKE
2024-08-22T14:23:00.035479566Z,2024-08-22T14:23:00.035312894Z,1,2,2639,T,A,0,38.850000000,22,130,166672,126581530,38.850000000,38.910000000,22,124,1,3,CAKE
2024-08-22T14:23:00.036346691Z,2024-08-22T14:23:00.036179871Z,1,2,2639,T,N,0,38.860000000,26,130,166820,126581552,38.840000000,38.900000000,23,100,1,1,CAKE
2024-08-22T14:24:02.168955891Z,2024-08-22T14:24:02.168784378Z,1,2,2639,T,N,0,38.890000000,50,128,171513,128299046,38.840000000,38.910000000,47,58,2,1,CAKE
2024-08-22T14:24:36.880952670Z,2024-08-22T14:24:36.880785504Z,1,2,2639,T,N,0,38.900000000,17,130,167166,129298347,38.890000000,38.930000000,92,306,1,3,CAKE
2024-08-22T14:24:36.881951692Z,2024-08-22T14:24:36.881784011Z,1,2,2639,T,N,0,38.900000000,21,130,167681,129298366,38.890000000,38.930000000,92,306,1,3,CAKE
2024-08-22T14:24:59.114612777Z,2024-08-22T14:24:59.114444425Z,1,2,2639,T,B,0,38.900000000,1,0,168352,129928513,38.890000000,38.900000000,92,3,1,2,CAKE
2024-08-22T14:24:59.114612777Z,2024-08-22T14:24:59.114444425Z,1,2,2639,T,B,0,38.900000000,1,130,168352,129928514,38.890000000,38.900000000,92,2,1,1,CAKE
2024-08-22T14:26:11.630459865Z,2024-08-22T14:26:11.630292936Z,1,2,2639,T,B,0,38.940000000,1,130,166929,132330742,38.910000000,38.940000000,10,12,1,1,CAKE
2024-08-22T14:26:42.732341515Z,2024-08-22T14:26:42.732174199Z,1,2,2639,T,B,0,38.940000000,11,130,167316,133145110,38.910000000,38.940000000,51,11,2,1,CAKE
2024-08-22T14:26:54.879276631Z,2024-08-22T14:26:54.879108372Z,1,2,2639,T,N,0,38.960000000,9,0,168259,133445667,38.950000000,38.980000000,10,1,1,1,CAKE
2024-08-22T14:26:54.884180871Z,2024-08-22T14:26:54.884013884Z,1,2,2639,T,A,0,38.960000000,58,130,166987,133445870,38.960000000,38.980000000,58,1,1,1,CAKE
2024-08-22T14:27:07.688579977Z,2024-08-22T14:27:07.688413273Z,1,2,2639,T,A,0,38.950000000,1,130,166704,133756599,38.950000000,38.980000000,10,307,1,4,CAKE
2024-08-22T14:27:07.688600487Z,2024-08-22T14:27:07.688434041Z,1,2,2639,T,A,0,38.950000000,9,130,166446,133756600,38.950000000,38.980000000,9,307,1,4,CAKE
2024-08-22T14:27:13.688013888Z,2024-08-22T14:27:13.687842594Z,1,2,2639,T,A,0,38.940000000,12,128,171294,133894512,38.940000000,38.980000000,26,307,1,4,CAKE
2024-08-22T14:27:13.688025763Z,2024-08-22T14:27:13.687850022Z,1,2,2639,T,A,0,38.940000000,3,0,175741,133894514,38.940000000,38.980000000,14,307,1,4,CAKE
2024-08-22T14:27:13.688025763Z,2024-08-22T14:27:13.687852981Z,1,2,2639,T,A,0,38.940000000,11,128,172782,133894521,38.940000000,38.980000000,11,307,1,4,CAKE
2024-08-22T14:27:28.071508470Z,2024-08-22T14:27:28.071341788Z,1,2,2639,T,A,0,38.930000000,1,130,166682,134273212,38.930000000,38.970000000,17,106,2,2,CAKE
2024-08-22T14:27:30.071862923Z,2024-08-22T14:27:30.071693098Z,1,2,2639,T,N,0,38.960000000,75,0,169825,134312912,38.930000000,38.970000000,16,100,2,1,CAKE
2024-08-22T14:27:30.071862923Z,2024-08-22T14:27:30.071693098Z,1,2,2639,T,B,0,38.970000000,100,0,169825,134312913,38.930000000,38.970000000,16,100,2,1,CAKE
2024-08-22T14:27:30.071862923Z,2024-08-22T14:27:30.071693098Z,1,2,2639,T,N,0,38.970000000,25,130,169825,134312914,38.930000000,38.980000000,16,1,2,1,CAKE
2024-08-22T14:28:07.325944788Z,2024-08-22T14:28:07.325775959Z,1,2,2639,T,B,0,38.970000000,2,0,168829,135282630,38.940000000,38.970000000,32,2,2,1,CAKE
2024-08-22T14:28:07.325944788Z,2024-08-22T14:28:07.325775959Z,1,2,2639,T,B,0,38.980000000,1,130,168829,135282631,38.940000000,38.980000000,32,1,2,1,CAKE
2024-08-22T14:28:31.454879009Z,2024-08-22T14:28:31.454694015Z,1,2,2639,T,N,0,38.960000000,50,128,184994,135961978,38.950000000,38.990000000,110,23,2,2,CAKE
2024-08-22T14:28:31.455100622Z,2024-08-22T14:28:31.454913034Z,1,2,2639,T,N,0,38.960000000,50,128,187588,135962250,38.950000000,38.990000000,110,23,2,2,CAKE
2024-08-22T14:28:31.455276892Z,2024-08-22T14:28:31.455092335Z,1,2,2639,T,N,0,38.960000000,47,128,184557,135962459,38.950000000,38.990000000,110,23,2,2,CAKE
2024-08-22T14:29:10.353585469Z,2024-08-22T14:29:10.353417350Z,1,2,2639,T,N,0,38.960000000,50,128,168119,137181840,38.950000000,38.990000000,157,17,3,1,CAKE
2024-08-22T14:29:13.481659063Z,2024-08-22T14:29:13.481492318Z,1,2,2639,T,N,0,38.980000000,17,130,166745,137290495,38.950000000,38.990000000,157,17,3,1,CAKE
2024-08-22T14:29:19.524934053Z,2024-08-22T14:29:19.524765736Z,1,2,2639,T,B,0,38.990000000,17,0,168317,137452788,38.950000000,38.990000000,110,17,2,1,CAKE
2024-08-22T14:29:19.524934053Z,2024-08-22T14:29:19.524765736Z,1,2,2639,T,N,0,38.990000000,16,130,168317,137452789,38.950000000,39.010000000,110,306,2,3,CAKE
2024-08-22T14:29:19.525823129Z,2024-08-22T14:29:19.525656820Z,1,2,2639,T,N,0,39.000000000,30,130,166309,137452822,38.960000000,39.010000000,100,106,1,2,CAKE
2024-08-22T14:29:51.308741160Z,2024-08-22T14:29:51.308574255Z,1,2,2639,T,N,0,38.990000000,20,130,166905,138182183,38.960000000,39.010000000,10,200,1,2,CAKE
2024-08-22T14:30:31.718825973Z,2024-08-22T14:30:31.718658539Z,1,2,2639,T,N,0,38.970000000,50,130,167434,139325150,38.960000000,39.010000000,20,206,2,3,CAKE
2024-08-22T14:30:36.833812479Z,2024-08-22T14:30:36.833644795Z,1,2,2639,T,N,0,38.970000000,20,130,167684,139509879,38.960000000,39.000000000,20,306,2,4,CAKE
2024-08-22T14:30:39.410659398Z,2024-08-22T14:30:39.410492112Z,1,2,2639,T,N,0,38.970000000,19,130,167286,139625605,38.960000000,39.000000000,20,306,2,4,CAKE
2024-08-22T14:30:39.412686217Z,2024-08-22T14:30:39.412519554Z,1,2,2639,T,N,0,38.970000000,50,130,166663,139625794,38.960000000,39.000000000,20,306,2,4,CAKE
2024-08-22T14:30:39.412818826Z,2024-08-22T14:30:39.412649143Z,1,2,2639,T,N,0,38.970000000,50,130,169683,139625820,38.960000000,39.000000000,20,306,2,4,CAKE
2024-08-22T14:30:43.124234886Z,2024-08-22T14:30:43.124061166Z,1,2,2639,T,N,0,38.970000000,20,128,173720,139818149,38.960000000,39.000000000,20,306,2,4,CAKE
2024-08-22T14:31:15.797861597Z,2024-08-22T14:31:15.797694323Z,1,2,2639,T,N,0,38.970000000,50,130,167274,141261734,38.960000000,39.000000000,167,306,4,4,CAKE
2024-08-22T14:31:15.797914719Z,2024-08-22T14:31:15.797747060Z,1,2,2639,T,N,0,38.970000000,41,130,167659,141261735,38.960000000,39.000000000,167,306,4,4,CAKE
2024-08-22T14:31:32.508305033Z,2024-08-22T14:31:32.508137559Z,1,2,2639,T,B,0,39.000000000,100,130,167474,141876875,38.960000000,39.000000000,180,100,5,1,CAKE
2024-08-22T14:31:32.508358918Z,2024-08-22T14:31:32.508191249Z,1,2,2639,T,B,0,39.010000000,100,130,167669,141876885,38.980000000,39.010000000,200,100,2,1,CAKE
2024-08-22T14:31:32.508379807Z,2024-08-22T14:31:32.508210877Z,1,2,2639,T,N,0,39.010000000,3,0,168930,141876886,38.980000000,39.030000000,200,300,2,2,CAKE
2024-08-22T14:31:44.013649542Z,2024-08-22T14:31:44.013480746Z,1,2,2639,T,B,0,39.050000000,1,0,168796,142201543,38.980000000,39.050000000,5,301,1,4,CAKE
2024-08-22T14:31:44.013649542Z,2024-08-22T14:31:44.013480746Z,1,2,2639,T,B,0,39.050000000,100,0,168796,142201544,38.980000000,39.050000000,5,300,1,3,CAKE
2024-08-22T14:31:44.013649542Z,2024-08-22T14:31:44.013480746Z,1,2,2639,T,B,0,39.050000000,34,130,168796,142201545,38.980000000,39.050000000,5,200,1,2,CAKE
2024-08-22T14:31:44.013684127Z,2024-08-22T14:31:44.013514864Z,1,2,2639,T,B,0,39.050000000,66,0,169263,142201546,38.980000000,39.050000000,5,166,1,2,CAKE
2024-08-22T14:31:44.013684127Z,2024-08-22T14:31:44.013514864Z,1,2,2639,T,B,0,39.050000000,100,130,169263,142201547,38.980000000,39.050000000,5,100,1,1,CAKE
2024-08-22T14:31:44.013895869Z,2024-08-22T14:31:44.013727367Z,1,2,2639,T,N,0,39.050000000,100,0,168502,142201569,39.010000000,39.070000000,200,306,2,3,CAKE
2024-08-22T14:32:21.607279062Z,2024-08-22T14:32:21.607108717Z,1,2,2639,T,B,0,39.070000000,6,0,170345,143374861,39.010000000,39.070000000,38,206,3,3,CAKE
2024-08-22T14:32:21.607279062Z,2024-08-22T14:32:21.607108717Z,1,2,2639,T,B,0,39.070000000,100,0,170345,143374862,39.010000000,39.070000000,38,200,3,2,CAKE
2024-08-22T14:32:21.607279062Z,2024-08-22T14:32:21.607108717Z,1,2,2639,T,B,0,39.070000000,100,130,170345,143374863,39.010000000,39.070000000,38,100,3,1,CAKE
2024-08-22T14:32:21.607297726Z,2024-08-22T14:32:21.607130128Z,1,2,2639,T,N,0,39.070000000,100,130,167598,143374864,39.010000000,39.090000000,38,200,3,1,CAKE
2024-08-22T14:32:22.608537968Z,2024-08-22T14:32:22.608371231Z,1,2,2639,T,A,0,39.040000000,1,130,166737,143400698,39.040000000,39.070000000,21,141,1,2,CAKE
2024-08-22T14:32:49.273083176Z,2024-08-22T14:32:49.272915426Z,1,2,2639,T,A,0,39.040000000,1,130,167750,144236382,39.040000000,39.070000000,20,100,1,1,CAKE
2024-08-22T14:32:49.273105132Z,2024-08-22T14:32:49.272937127Z,1,2,2639,T,A,0,39.040000000,19,130,168005,144236384,39.040000000,39.070000000,19,100,1,1,CAKE
2024-08-22T14:33:09.217447847Z,2024-08-22T14:33:09.217276154Z,1,2,2639,T,B,0,39.060000000,100,0,171693,144800525,39.010000000,39.060000000,119,100,3,1,CAKE
2024-08-22T14:33:09.217447847Z,2024-08-22T14:33:09.217276154Z,1,2,2639,T,N,0,39.060000000,100,128,171693,144800526,39.010000000,39.080000000,119,100,3,1,CAKE
2024-08-22T14:33:09.722744853Z,2024-08-22T14:33:09.722578020Z,1,2,2639,T,B,0,39.060000000,100,130,166833,144810892,39.030000000,39.060000000,5,100,1,1,CAKE
2024-08-22T14:33:49.103735375Z,2024-08-22T14:33:49.103568805Z,1,2,2639,T,B,0,39.080000000,1,130,166570,145829849,39.040000000,39.080000000,149,100,6,1,CAKE
2024-08-22T14:33:49.104034256Z,2024-08-22T14:33:49.103866920Z,1,2,2639,T,B,0,39.080000000,99,0,167336,145829854,39.040000000,39.080000000,149,199,6,2,CAKE
2024-08-22T14:33:49.104034256Z,2024-08-22T14:33:49.103866920Z,1,2,2639,T,B,0,39.080000000,100,130,167336,145829855,39.040000000,39.080000000,149,100,6,1,CAKE
2024-08-22T14:33:49.104070476Z,2024-08-22T14:33:49.103900822Z,1,2,2639,T,B,0,39.080000000,50,0,169654,145829860,39.060000000,39.080000000,100,100,1,1,CAKE
2024-08-22T14:33:49.104103057Z,2024-08-22T14:33:49.103936431Z,1,2,2639,T,B,0,39.080000000,50,130,166626,145829867,39.060000000,39.080000000,100,50,1,1,CAKE
2024-08-22T14:34:41.335815690Z,2024-08-22T14:34:41.335648540Z,1,2,2639,T,B,0,39.080000000,258,130,167150,147230455,39.070000000,39.080000000,6,300,1,1,CAKE
2024-08-22T14:34:41.335822045Z,2024-08-22T14:34:41.335654755Z,1,2,2639,T,B,0,39.080000000,42,130,167290,147230456,39.070000000,39.080000000,6,42,1,1,CAKE
2024-08-22T14:34:41.336814919Z,2024-08-22T14:34:41.336648011Z,1,2,2639,T,A,0,39.080000000,100,130,166908,147230473,39.080000000,39.100000000,100,1503,1,6,CAKE
2024-08-22T14:34:49.612093944Z,2024-08-22T14:34:49.611926694Z,1,2,2639,T,A,0,39.080000000,10,130,167250,147438002,39.080000000,39.100000000,10,1503,1,6,CAKE
2024-08-22T14:34:49.612542981Z,2024-08-22T14:34:49.612374854Z,1,2,2639,T,A,0,39.070000000,6,130,168127,147438016,39.070000000,39.090000000,6,200,1,1,CAKE
2024-08-22T14:34:49.613067230Z,2024-08-22T14:34:49.612900291Z,1,2,2639,T,N,0,39.080000000,7,130,166939,147438036,39.050000000,39.090000000,1,400,1,2,CAKE
2024-08-22T14:34:49.613077327Z,2024-08-22T14:34:49.612910303Z,1,2,2639,T,A,0,39.050000000,1,130,167024,147438037,39.050000000,39.090000000,1,400,1,2,CAKE
2024-08-22T14:34:49.613172537Z,2024-08-22T14:34:49.613004490Z,1,2,2639,T,A,0,39.040000000,16,0,168047,147438039,39.040000000,39.090000000,216,400,2,2,CAKE
2024-08-22T14:34:49.613172537Z,2024-08-22T14:34:49.613004490Z,1,2,2639,T,A,0,39.040000000,200,130,168047,147438040,39.040000000,39.090000000,200,400,1,2,CAKE
2024-08-22T14:34:49.614468195Z,2024-08-22T14:34:49.614300805Z,1,2,2639,T,A,0,39.040000000,9,130,167390,147438081,39.040000000,39.070000000,9,200,1,1,CAKE
2024-08-22T14:35:57.802660813Z,2024-08-22T14:35:57.802487896Z,1,2,2639,T,B,0,39.080000000,200,0,172917,149459314,39.010000000,39.080000000,315,558,4,5,CAKE
2024-08-22T14:35:57.802660813Z,2024-08-22T14:35:57.802487896Z,1,2,2639,T,B,0,39.080000000,58,0,172917,149459315,39.010000000,39.080000000,315,358,4,4,CAKE
2024-08-22T14:35:57.802660813Z,2024-08-22T14:35:57.802487896Z,1,2,2639,T,B,0,39.080000000,100,0,172917,149459316,39.010000000,39.080000000,315,300,4,3,CAKE
2024-08-22T14:35:57.802660813Z,2024-08-22T14:35:57.802487896Z,1,2,2639,T,B,0,39.080000000,100,0,172917,149459317,39.010000000,39.080000000,315,200,4,2,CAKE
2024-08-22T14:35:57.802660813Z,2024-08-22T14:35:57.802487896Z,1,2,2639,T,B,0,39.080000000,60,130,172917,149459318,39.010000000,39.080000000,315,100,4,1,CAKE
2024-08-22T14:35:57.802697086Z,2024-08-22T14:35:57.802529620Z,1,2,2639,T,B,0,39.080000000,40,130,167466,149459322,39.010000000,39.080000000,315,140,4,2,CAKE
2024-08-22T14:35:57.803120697Z,2024-08-22T14:35:57.802953458Z,1,2,2639,T,B,0,39.080000000,100,0,167239,149459340,39.020000000,39.080000000,400,100,2,1,CAKE
2024-08-22T14:35:57.803120697Z,2024-08-22T14:35:57.802953458Z,1,2,2639,T,N,0,39.080000000,100,130,167239,149459341,39.020000000,39.090000000,400,100,2,1,CAKE
2024-08-22T14:36:24.272249980Z,2024-08-22T14:36:24.272080967Z,1,2,2639,T,B,0,39.090000000,100,0,169013,150143593,39.050000000,39.090000000,110,101,2,2,CAKE
2024-08-22T14:36:24.272249980Z,2024-08-22T14:36:24.272080967Z,1,2,2639,T,B,0,39.090000000,1,130,169013,150143594,39.050000000,39.090000000,110,1,2,1,CAKE
2024-08-22T14:37:08.167768844Z,2024-08-22T14:37:08.167600672Z,1,2,2639,T,A,0,39.070000000,10,130,168172,151128483,39.070000000,39.100000000,10,1403,1,4,CAKE
2024-08-22T14:37:08.167895529Z,2024-08-22T14:37:08.167727208Z,1,2,2639,T,A,0,39.060000000,100,0,168321,151128514,39.060000000,39.090000000,200,200,2,1,CAKE
2024-08-22T14:37:08.167895529Z,2024-08-22T14:37:08.167727208Z,1,2,2639,T,A,0,39.060000000,13,130,168321,151128515,39.060000000,39.090000000,100,200,1,1,CAKE
2024-08-22T14:37:08.167920120Z,2024-08-22T14:37:08.167750307Z,1,2,2639,T,A,0,39.060000000,87,130,169813,151128518,39.060000000,39.090000000,87,200,1,1,CAKE
2024-08-22T14:37:08.168156229Z,2024-08-22T14:37:08.167989062Z,1,2,2639,T,A,0,39.050000000,100,130,167167,151128554,39.050000000,39.080000000,100,3,1,1,CAKE
2024-08-22T14:37:08.168814613Z,2024-08-22T14:37:08.168644048Z,1,2,2639,T,A,0,39.040000000,7,128,170565,151128680,39.040000000,39.070000000,7,200,1,1,CAKE
2024-08-22T14:37:08.168887975Z,2024-08-22T14:37:08.168720960Z,1,2,2639,T,A,0,39.030000000,200,130,167015,151128692,39.030000000,39.060000000,200,400,1,2,CAKE
2024-08-22T14:37:08.169383813Z,2024-08-22T14:37:08.169215248Z,1,2,2639,T,A,0,39.020000000,1,0,168565,151128720,39.020000000,39.050000000,2,200,2,1,CAKE
2024-08-22T14:37:08.169383813Z,2024-08-22T14:37:08.169215248Z,1,2,2639,T,A,0,39.020000000,1,130,168565,151128721,39.020000000,39.050000000,1,200,1,1,CAKE
2024-08-22T14:37:08.169490227Z,2024-08-22T14:37:08.169321930Z,1,2,2639,T,A,0,39.010000000,200,0,168297,151128728,39.010000000,39.050000000,400,200,2,1,CAKE
2024-08-22T14:37:08.169490227Z,2024-08-22T14:37:08.169321930Z,1,2,2639,T,A,0,39.010000000,200,130,168297,151128729,39.010000000,39.050000000,200,200,1,1,CAKE
2024-08-22T14:37:08.172743659Z,2024-08-22T14:37:08.172576379Z,1,2,2639,T,A,0,39.010000000,100,130,167280,151128943,39.010000000,39.050000000,100,200,1,1,CAKE
2024-08-22T14:37:37.863097074Z,2024-08-22T14:37:37.862930569Z,1,2,2639,T,A,0,39.030000000,1,130,166505,151886718,39.030000000,39.040000000,1,3,1,1,CAKE
2024-08-22T14:38:41.392389813Z,2024-08-22T14:38:41.392210227Z,1,2,2639,T,B,0,39.040000000,3,0,179586,153318444,38.980000000,39.040000000,210,5,3,2,CAKE
2024-08-22T14:38:41.392389813Z,2024-08-22T14:38:41.392210227Z,1,2,2639,T,B,0,39.040000000,2,128,179586,153318445,38.980000000,39.040000000,210,2,3,1,CAKE
2024-08-22T14:38:45.678977135Z,2024-08-22T14:38:45.678810082Z,1,2,2639,T,N,0,39.030000000,100,130,167053,153410635,39.000000000,39.060000000,10,19,1,2,CAKE
2024-08-22T14:43:11.582235267Z,2024-08-22T14:43:11.582064329Z,1,2,2639,T,N,0,39.040000000,100,128,170938,159327635,39.020000000,39.060000000,116,18,2,2,CAKE
2024-08-22T14:43:11.582280346Z,2024-08-22T14:43:11.582109290Z,1,2,2639,T,B,0,39.060000000,15,0,171056,159327666,39.020000000,39.060000000,116,18,2,2,CAKE
2024-08-22T14:43:11.582280346Z,2024-08-22T14:43:11.582109290Z,1,2,2639,T,B,0,39.060000000,3,0,171056,159327667,39.020000000,39.060000000,116,3,2,1,CAKE
2024-08-22T14:44:49.760715810Z,2024-08-22T14:44:49.760548755Z,1,2,2639,T,B,0,39.070000000,12,130,167055,161690847,39.050000000,39.070000000,16,12,1,1,CAKE
2024-08-22T14:45:20.881247234Z,2024-08-22T14:45:20.881079271Z,1,2,2639,T,B,0,39.090000000,100,0,167963,162665189,39.050000000,39.090000000,116,106,2,2,CAKE
2024-08-22T14:45:20.881247234Z,2024-08-22T14:45:20.881079271Z,1,2,2639,T,B,0,39.090000000,6,130,167963,162665190,39.050000000,39.090000000,116,6,2,1,CAKE
2024-08-22T14:45:20.881263775Z,2024-08-22T14:45:20.881093729Z,1,2,2639,T,N,0,39.090000000,100,130,170046,162665191,39.050000000,39.100000000,116,1305,2,3,CAKE
2024-08-22T14:45:23.015140701Z,2024-08-22T14:45:23.014973076Z,1,2,2639,T,A,0,39.080000000,3,130,167625,162706624,39.080000000,39.100000000,10,1305,1,3,CAKE
2024-08-22T14:45:23.018713146Z,2024-08-22T14:45:23.018546575Z,1,2,2639,T,A,0,39.080000000,7,130,166571,162706749,39.080000000,39.100000000,7,1406,1,5,CAKE
2024-08-22T14:45:23.018745615Z,2024-08-22T14:45:23.018576331Z,1,2,2639,T,A,0,39.070000000,16,0,169284,162706750,39.070000000,39.100000000,23,1406,2,5,CAKE
2024-08-22T14:45:23.018745615Z,2024-08-22T14:45:23.018576331Z,1,2,2639,T,A,0,39.070000000,7,128,169284,162706751,39.070000000,39.100000000,7,1406,1,5,CAKE
2024-08-22T14:45:23.142925080Z,2024-08-22T14:45:23.142757001Z,1,2,2639,T,A,0,39.060000000,100,130,168079,162709752,39.060000000,39.090000000,100,101,1,2,CAKE
2024-08-22T14:45:23.145983596Z,2024-08-22T14:45:23.145816653Z,1,2,2639,T,A,0,39.060000000,10,130,166943,162709801,39.060000000,39.080000000,10,101,1,2,CAKE
2024-08-22T14:45:23.551359459Z,2024-08-22T14:45:23.551190514Z,1,2,2639,T,A,0,39.050000000,7,0,168945,162717671,39.050000000,39.080000000,107,101,2,2,CAKE
2024-08-22T14:45:23.551359459Z,2024-08-22T14:45:23.551190514Z,1,2,2639,T,A,0,39.050000000,93,0,168945,162717672,39.050000000,39.080000000,100,101,1,2,CAKE
2024-08-22T14:45:23.551376106Z,2024-08-22T14:45:23.551207046Z,1,2,2639,T,A,0,39.050000000,7,0,169060,162717674,39.050000000,39.080000000,7,101,1,2,CAKE
2024-08-22T14:45:23.551376106Z,2024-08-22T14:45:23.551207046Z,1,2,2639,T,N,0,39.050000000,100,130,169060,162717675,39.040000000,39.080000000,17,101,2,2,CAKE
2024-08-22T14:46:04.543724928Z,2024-08-22T14:46:04.543556844Z,1,2,2639,T,N,0,39.060000000,100,128,168084,163662944,39.040000000,39.100000000,61,1306,3,4,CAKE
2024-08-22T14:46:23.073455956Z,2024-08-22T14:46:23.073288627Z,1,2,2639,T,N,0,39.050000000,61,130,167329,164078391,39.040000000,39.100000000,61,1406,3,5,CAKE
2024-08-22T14:46:43.693125249Z,2024-08-22T14:46:43.692955373Z,1,2,2639,T,A,0,39.040000000,9,0,169876,164497738,39.040000000,39.070000000,61,101,3,2,CAKE
2024-08-22T14:46:43.693125249Z,2024-08-22T14:46:43.692955373Z,1,2,2639,T,A,0,39.040000000,10,0,169876,164497739,39.040000000,39.070000000,52,101,2,2,CAKE
2024-08-22T14:46:43.693125249Z,2024-08-22T14:46:43.692955373Z,1,2,2639,T,A,0,39.040000000,42,130,169876,164497740,39.040000000,39.070000000,42,101,1,2,CAKE
2024-08-22T14:46:43.693287575Z,2024-08-22T14:46:43.693119875Z,1,2,2639,T,A,0,39.030000000,18,130,167700,164497745,39.030000000,39.060000000,18,300,1,2,CAKE
2024-08-22T14:46:43.693328415Z,2024-08-22T14:46:43.693158512Z,1,2,2639,T,A,0,39.010000000,200,0,169903,164497747,39.010000000,39.050000000,301,100,3,1,CAKE
2024-08-22T14:46:43.693328415Z,2024-08-22T14:46:43.693158512Z,1,2,2639,T,A,0,39.010000000,1,0,169903,164497748,39.010000000,39.050000000,101,100,2,1,CAKE
2024-08-22T14:46:43.693328415Z,2024-08-22T14:46:43.693158512Z,1,2,2639,T,A,0,39.010000000,100,130,169903,164497749,39.010000000,39.050000000,100,100,1,1,CAKE
2024-08-22T14:46:43.703273615Z,2024-08-22T14:46:43.703107048Z,1,2,2639,T,N,0,38.990000000,100,130,166567,164497909,38.980000000,39.060000000,194,200,2,1,CAKE
2024-08-22T14:46:47.249077474Z,2024-08-22T14:46:47.248907167Z,1,2,2639,T,A,0,38.970000000,200,0,170307,164582391,38.970000000,39.020000000,300,3,2,1,CAKE
2024-08-22T14:46:47.249077474Z,2024-08-22T14:46:47.248907167Z,1,2,2639,T,A,0,38.970000000,100,130,170307,164582392,38.970000000,39.020000000,100,3,1,1,CAKE
2024-08-22T14:46:47.412143305Z,2024-08-22T14:46:47.411976143Z,1,2,2639,T,A,0,38.950000000,100,130,167162,164585099,38.950000000,39.000000000,100,301,1,3,CAKE
2024-08-22T14:48:58.082789613Z,2024-08-22T14:48:58.082619941Z,1,2,2639,T,A,0,38.880000000,42,0,169672,167928678,38.880000000,38.930000000,53,1,3,1,CAKE
2024-08-22T14:48:58.082789613Z,2024-08-22T14:48:58.082619941Z,1,2,2639,T,A,0,38.880000000,1,0,169672,167928679,38.880000000,38.930000000,11,1,2,1,CAKE
2024-08-22T14:48:58.082789613Z,2024-08-22T14:48:58.082619941Z,1,2,2639,T,A,0,38.880000000,10,130,169672,167928680,38.880000000,38.930000000,10,1,1,1,CAKE
2024-08-22T14:48:58.392819718Z,2024-08-22T14:48:58.392652626Z,1,2,2639,T,N,0,38.900000000,100,130,167092,167933683,38.830000000,38.930000000,100,1,1,1,CAKE
2024-08-22T14:49:43.121167785Z,2024-08-22T14:49:43.120999676Z,1,2,2639,T,A,0,38.860000000,50,130,168109,169459070,38.860000000,38.930000000,50,398,1,3,CAKE
2024-08-22T14:49:43.121181339Z,2024-08-22T14:49:43.121013755Z,1,2,2639,T,A,0,38.850000000,100,0,167584,169459071,38.850000000,38.930000000,200,398,2,3,CAKE
2024-08-22T14:49:43.121181339Z,2024-08-22T14:49:43.121013755Z,1,2,2639,T,A,0,38.850000000,100,130,167584,169459072,38.850000000,38.930000000,100,398,1,3,CAKE
2024-08-22T14:49:43.121186359Z,2024-08-22T14:49:43.121019698Z,1,2,2639,T,N,0,38.850000000,100,130,166661,169459073,38.840000000,38.930000000,200,398,2,3,CAKE
2024-08-22T14:52:32.622559379Z,2024-08-22T14:52:32.622385608Z,1,2,2639,T,A,0,38.800000000,78,0,173771,173783500,38.800000000,38.880000000,289,218,5,5,CAKE
2024-08-22T14:52:32.622559379Z,2024-08-22T14:52:32.622385608Z,1,2,2639,T,A,0,38.800000000,100,0,173771,173783501,38.800000000,38.880000000,211,218,4,5,CAKE
2024-08-22T14:52:32.622559379Z,2024-08-22T14:52:32.622385608Z,1,2,2639,T,A,0,38.800000000,86,128,173771,173783502,38.800000000,38.880000000,111,218,3,5,CAKE
2024-08-22T14:52:32.622566420Z,2024-08-22T14:52:32.622393750Z,1,2,2639,T,A,0,38.800000000,14,0,172670,173783508,38.800000000,38.880000000,25,218,3,5,CAKE
2024-08-22T14:52:32.622566420Z,2024-08-22T14:52:32.622393750Z,1,2,2639,T,A,0,38.800000000,10,0,172670,173783509,38.800000000,38.880000000,11,218,2,5,CAKE
2024-08-22T14:52:32.622566420Z,2024-08-22T14:52:32.622393750Z,1,2,2639,T,A,0,38.800000000,1,128,172670,173783510,38.800000000,38.880000000,1,218,1,5,CAKE
2024-08-22T14:52:32.622635230Z,2024-08-22T14:52:32.622468029Z,1,2,2639,T,A,0,38.790000000,2,130,167201,173783535,38.790000000,38.840000000,2,40,1,1,CAKE
2024-08-22T14:52:32.623326092Z,2024-08-22T14:52:32.623159010Z,1,2,2639,T,A,0,38.780000000,100,130,167082,173783632,38.780000000,38.830000000,254,100,2,1,CAKE
2024-08-22T14:52:32.623362582Z,2024-08-22T14:52:32.623192920Z,1,2,2639,T,A,0,38.780000000,100,0,169662,173783638,38.780000000,38.830000000,154,100,2,1,CAKE
2024-08-22T14:52:32.623362582Z,2024-08-22T14:52:32.623192920Z,1,2,2639,T,A,0,38.780000000,54,130,169662,173783639,38.780000000,38.830000000,54,100,1,1,CAKE
2024-08-22T14:52:52.038714755Z,2024-08-22T14:52:52.038545420Z,1,2,2639,T,B,0,38.800000000,1,0,169335,174285715,38.750000000,38.800000000,100,101,1,2,CAKE
2024-08-22T14:52:52.038714755Z,2024-08-22T14:52:52.038545420Z,1,2,2639,T,B,0,38.800000000,100,130,169335,174285716,38.750000000,38.800000000,100,100,1,1,CAKE
2024-08-22T14:53:45.728729292Z,2024-08-22T14:53:45.728548212Z,1,2,2639,T,B,0,38.820000000,100,0,181080,175715090,38.760000000,38.820000000,314,200,6,2,CAKE
2024-08-22T14:53:45.728729292Z,2024-08-22T14:53:45.728548212Z,1,2,2639,T,B,0,38.820000000,100,128,181080,175715091,38.760000000,38.820000000,314,100,6,1,CAKE
2024-08-22T14:53:45.728756660Z,2024-08-22T14:53:45.728580660Z,1,2,2639,T,N,0,38.820000000,100,128,176000,175715137,38.760000000,38.870000000,314,600,6,5,CAKE
2024-08-22T14:56:01.457364216Z,2024-08-22T14:56:01.457195911Z,1,2,2639,T,N,0,38.820000000,50,128,168305,178810030,38.780000000,38.870000000,30,600,4,5,CAKE
2024-08-22T14:56:01.457416106Z,2024-08-22T14:56:01.457249547Z,1,2,2639,T,N,0,38.820000000,50,130,166559,178810034,38.780000000,38.870000000,30,600,4,5,CAKE
2024-08-22T14:58:56.830694207Z,2024-08-22T14:58:56.830519198Z,1,2,2639,T,A,0,38.790000000,16,0,175009,182560164,38.790000000,38.820000000,55,100,5,1,CAKE
2024-08-22T14:58:56.830694207Z,2024-08-22T14:58:56.830519198Z,1,2,2639,T,A,0,38.790000000,10,0,175009,182560165,38.790000000,38.820000000,39,100,4,1,CAKE
2024-08-22T14:58:56.830694207Z,2024-08-22T14:58:56.830519198Z,1,2,2639,T,A,0,38.790000000,4,0,175009,182560166,38.790000000,38.820000000,29,100,3,1,CAKE
2024-08-22T14:58:56.830694207Z,2024-08-22T14:58:56.830519198Z,1,2,2639,T,A,0,38.790000000,4,0,175009,182560167,38.790000000,38.820000000,25,100,2,1,CAKE
2024-08-22T14:58:56.830694207Z,2024-08-22T14:58:56.830519198Z,1,2,2639,T,A,0,38.790000000,21,128,175009,182560168,38.790000000,38.820000000,21,100,1,1,CAKE
2024-08-22T14:58:58.734076371Z,2024-08-22T14:58:58.733909082Z,1,2,2639,T,N,0,38.780000000,1,130,167289,182636104,38.770000000,38.820000000,329,100,4,1,CAKE
2024-08-22T14:59:12.149652278Z,2024-08-22T14:59:12.149482207Z,1,2,2639,T,B,0,38.820000000,100,128,170071,182994135,38.770000000,38.820000000,348,100,7,1,CAKE
2024-08-22T14:59:12.158779211Z,2024-08-22T14:59:12.158608708Z,1,2,2639,T,B,0,38.840000000,100,0,170503,182995420,38.800000000,38.840000000,100,267,1,3,CAKE
2024-08-22T14:59:12.158779211Z,2024-08-22T14:59:12.158608708Z,1,2,2639,T,B,0,38.840000000,100,0,170503,182995421,38.800000000,38.840000000,100,167,1,2,CAKE
2024-08-22T14:59:12.158779211Z,2024-08-22T14:59:12.158608708Z,1,2,2639,T,B,0,38.840000000,67,0,170503,182995422,38.800000000,38.840000000,100,67,1,1,CAKE
2024-08-22T14:59:12.158915423Z,2024-08-22T14:59:12.158748514Z,1,2,2639,T,B,0,38.850000000,100,130,166909,182995446,38.820000000,38.850000000,100,100,1,1,CAKE
2024-08-22T14:59:12.159119249Z,2024-08-22T14:59:12.158952107Z,1,2,2639,T,N,0,38.850000000,100,130,167142,182995455,38.830000000,38.870000000,100,600,1,5,CAKE
2024-08-22T15:01:07.199810825Z,2024-08-22T15:01:07.199643345Z,1,2,2639,T,B,0,38.870000000,8,130,167480,185751681,38.820000000,38.870000000,116,8,3,1,CAKE
2024-08-22T15:01:07.199817139Z,2024-08-22T15:01:07.199649450Z,1,2,2639,T,N,0,38.870000000,8,130,167689,185751682,38.820000000,38.880000000,116,17,3,2,CAKE
2024-08-22T15:01:07.199818901Z,2024-08-22T15:01:07.199651423Z,1,2,2639,T,N,0,38.870000000,8,130,167478,185751683,38.820000000,38.880000000,116,17,3,2,CAKE
2024-08-22T15:01:07.199822091Z,2024-08-22T15:01:07.199652957Z,1,2,2639,T,N,0,38.870000000,8,0,169134,185751684,38.820000000,38.880000000,116,17,3,2,CAKE
2024-08-22T15:01:07.199822091Z,2024-08-22T15:01:07.199653425Z,1,2,2639,T,N,0,38.850000000,100,130,168666,185751685,38.820000000,38.880000000,116,17,3,2,CAKE
2024-08-22T15:01:07.199827226Z,2024-08-22T15:01:07.199658622Z,1,2,2639,T,N,0,38.870000000,76,130,168604,185751686,38.820000000,38.880000000,116,17,3,2,CAKE
2024-08-22T15:01:07.199840699Z,2024-08-22T15:01:07.199667043Z,1,2,2639,T,B,0,38.880000000,2,0,173656,185751687,38.820000000,38.880000000,116,17,3,2,CAKE
2024-08-22T15:01:07.199840699Z,2024-08-22T15:01:07.199667043Z,1,2,2639,T,B,0,38.880000000,15,0,173656,185751688,38.820000000,38.880000000,116,15,3,1,CAKE
2024-08-22T15:01:07.200249243Z,2024-08-22T15:01:07.200082181Z,1,2,2639,T,B,0,38.890000000,1,130,167062,185751701,38.840000000,38.890000000,5,2,1,1,CAKE
2024-08-22T15:01:46.915655401Z,2024-08-22T15:01:46.915483724Z,1,2,2639,T,B,0,38.910000000,27,0,171677,186684184,38.850000000,38.910000000,4,230,1,4,CAKE
2024-08-22T15:01:46.915655401Z,2024-08-22T15:01:46.915483724Z,1,2,2639,T,B,0,38.910000000,3,0,171677,186684185,38.850000000,38.910000000,4,203,1,3,CAKE
2024-08-22T15:01:46.915655401Z,2024-08-22T15:01:46.915483724Z,1,2,2639,T,B,0,38.910000000,100,0,171677,186684186,38.850000000,38.910000000,4,200,1,2,CAKE
2024-08-22T15:01:46.915655401Z,2024-08-22T15:01:46.915483724Z,1,2,2639,T,B,0,38.910000000,100,0,171677,186684187,38.850000000,38.910000000,4,100,1,1,CAKE
2024-08-22T15:01:46.915655401Z,2024-08-22T15:01:46.915483724Z,1,2,2639,T,N,0,38.910000000,9,130,171677,186684188,38.850000000,38.920000000,4,200,1,2,CAKE
2024-08-22T15:01:46.916219857Z,2024-08-22T15:01:46.916051980Z,1,2,2639,T,N,0,38.910000000,100,0,167877,186684315,38.890000000,38.920000000,6,200,1,2,CAKE
2024-08-22T15:01:46.916219857Z,2024-08-22T15:01:46.916051980Z,1,2,2639,T,B,0,38.920000000,100,130,167877,186684316,38.890000000,38.920000000,6,200,1,2,CAKE
2024-08-22T15:01:46.916225557Z,2024-08-22T15:01:46.916059008Z,1,2,2639,T,B,0,38.920000000,100,130,166549,186684317,38.890000000,38.920000000,6,100,1,1,CAKE
2024-08-22T15:01:49.832647372Z,2024-08-22T15:01:49.832480181Z,1,2,2639,T,B,0,38.950000000,12,130,167191,186789686,38.910000000,38.950000000,93,12,3,1,CAKE
2024-08-22T15:03:06.708492283Z,2024-08-22T15:03:06.708323009Z,1,2,2639,T,A,0,38.920000000,10,0,169274,188580519,38.920000000,39.000000000,12,1,3,1,CAKE
2024-08-22T15:03:06.708492283Z,2024-08-22T15:03:06.708323009Z,1,2,2639,T,A,0,38.920000000,1,0,169274,188580520,38.920000000,39.000000000,2,1,2,1,CAKE
2024-08-22T15:03:06.708492283Z,2024-08-22T15:03:06.708323009Z,1,2,2639,T,A,0,38.920000000,1,130,169274,188580521,38.920000000,39.000000000,1,1,1,1,CAKE
2024-08-22T15:03:06.709644240Z,2024-08-22T15:03:06.709474576Z,1,2,2639,T,A,0,38.910000000,62,0,169664,188580660,38.910000000,38.960000000,183,22,3,2,CAKE
2024-08-22T15:03:06.709644240Z,2024-08-22T15:03:06.709474576Z,1,2,2639,T,A,0,38.910000000,21,0,169664,188580661,38.910000000,38.960000000,121,22,2,2,CAKE
2024-08-22T15:03:06.709644240Z,2024-08-22T15:03:06.709474576Z,1,2,2639,T,A,0,38.910000000,100,130,169664,188580662,38.910000000,38.960000000,100,22,1,2,CAKE
2024-08-22T15:03:56.560486841Z,2024-08-22T15:03:56.560320437Z,1,2,2639,T,A,0,38.870000000,6,130,166404,189621825,38.870000000,38.900000000,6,156,1,1,CAKE
2024-08-22T15:04:19.533565892Z,2024-08-22T15:04:19.533398679Z,1,2,2639,T,A,0,38.870000000,10,130,167213,190093648,38.870000000,38.940000000,10,1,1,1,CAKE
2024-08-22T15:05:37.441444680Z,2024-08-22T15:05:37.441276242Z,1,2,2639,T,A,0,38.840000000,16,0,168438,191531538,38.840000000,38.850000000,117,130,3,1,CAKE
2024-08-22T15:05:37.441444680Z,2024-08-22T15:05:37.441276242Z,1,2,2639,T,A,0,38.840000000,75,130,168438,191531539,38.840000000,38.850000000,101,130,2,1,CAKE
2024-08-22T15:05:53.925474374Z,2024-08-22T15:05:53.925306415Z,1,2,2639,T,A,0,38.840000000,25,0,167959,191857772,38.840000000,38.850000000,26,184,2,1,CAKE
2024-08-22T15:05:53.925474374Z,2024-08-22T15:05:53.925306415Z,1,2,2639,T,A,0,38.840000000,1,130,167959,191857773,38.840000000,38.850000000,1,184,1,1,CAKE
2024-08-22T15:06:12.779451443Z,2024-08-22T15:06:12.779283719Z,1,2,2639,T,B,0,38.850000000,184,0,167724,192189890,38.810000000,38.850000000,111,184,5,1,CAKE
2024-08-22T15:06:12.779451443Z,2024-08-22T15:06:12.779283719Z,1,2,2639,T,N,0,38.850000000,23,130,167724,192189891,38.810000000,38.860000000,111,100,5,1,CAKE
2024-08-22T15:06:12.780168335Z,2024-08-22T15:06:12.779999301Z,1,2,2639,T,B,0,38.860000000,100,130,169034,192189932,38.820000000,38.860000000,100,100,1,1,CAKE
2024-08-22T15:08:42.576652069Z,2024-08-22T15:08:42.576479885Z,1,2,2639,T,A,0,38.830000000,7,0,172184,195322424,38.830000000,38.850000000,112,100,7,1,CAKE
2024-08-22T15:08:42.576652069Z,2024-08-22T15:08:42.576479885Z,1,2,2639,T,A,0,38.830000000,1,0,172184,195322425,38.830000000,38.850000000,105,100,6,1,CAKE
2024-08-22T15:08:42.576652069Z,2024-08-22T15:08:42.576479885Z,1,2,2639,T,A,0,38.830000000,4,130,172184,195322426,38.830000000,38.850000000,104,100,5,1,CAKE
2024-08-22T15:08:42.576662575Z,2024-08-22T15:08:42.576479885Z,1,2,2639,T,A,0,38.830000000,4,0,182690,195322427,38.830000000,38.850000000,100,100,4,1,CAKE
2024-08-22T15:08:42.576662575Z,2024-08-22T15:08:42.576479885Z,1,2,2639,T,A,0,38.830000000,2,0,182690,195322428,38.830000000,38.850000000,96,100,3,1,CAKE
2024-08-22T15:08:42.576662575Z,2024-08-22T15:08:42.576479885Z,1,2,2639,T,A,0,38.830000000,10,0,182690,195322429,38.830000000,38.850000000,94,100,2,1,CAKE
2024-08-22T15:08:42.576662575Z,2024-08-22T15:08:42.576479885Z,1,2,2639,T,A,0,38.830000000,19,128,182690,195322430,38.830000000,38.850000000,84,100,1,1,CAKE
2024-08-22T15:08:42.576680966Z,2024-08-22T15:08:42.576506079Z,1,2,2639,T,A,0,38.830000000,65,128,174887,195322445,38.830000000,38.850000000,65,100,1,1,CAKE
2024-08-22T15:09:07.477711658Z,2024-08-22T15:09:07.477541493Z,1,2,2639,T,A,0,38.800000000,6,0,170165,196181254,38.800000000,38.830000000,148,302,4,4,CAKE
2024-08-22T15:09:07.477711658Z,2024-08-22T15:09:07.477541493Z,1,2,2639,T,A,0,38.800000000,41,0,170165,196181255,38.800000000,38.830000000,142,302,3,4,CAKE
2024-08-22T15:09:07.477711658Z,2024-08-22T15:09:07.477541493Z,1,2,2639,T,A,0,38.800000000,37,128,170165,196181256,38.800000000,38.830000000,101,302,2,4,CAKE
2024-08-22T15:09:07.477717783Z,2024-08-22T15:09:07.477549016Z,1,2,2639,T,A,0,38.800000000,63,0,168767,196181259,38.800000000,38.830000000,64,302,2,4,CAKE
2024-08-22T15:09:07.477717783Z,2024-08-22T15:09:07.477549016Z,1,2,2639,T,A,0,38.800000000,1,130,168767,196181260,38.800000000,38.830000000,1,302,1,4,CAKE
2024-08-22T15:09:07.477933584Z,2024-08-22T15:09:07.477766764Z,1,2,2639,T,A,0,38.800000000,23,130,166820,196181284,38.800000000,38.820000000,23,100,1,1,CAKE
2024-08-22T15:09:41.008363475Z,2024-08-22T15:09:41.008194885Z,1,2,2639,T,A,0,38.780000000,23,130,168590,197222388,38.780000000,38.790000000,23,100,1,1,CAKE
2024-08-22T15:09:59.130437394Z,2024-08-22T15:09:59.130269926Z,1,2,2639,T,A,0,38.760000000,100,0,167468,197584160,38.760000000,38.780000000,100,106,1,2,CAKE
2024-08-22T15:09:59.130437394Z,2024-08-22T15:09:59.130269926Z,1,2,2639,T,N,0,38.760000000,100,130,167468,197584161,38.730000000,38.780000000,200,106,2,2,CAKE
2024-08-22T15:09:59.131452578Z,2024-08-22T15:09:59.131285609Z,1,2,2639,T,B,0,38.780000000,100,130,166969,197584187,38.730000000,38.780000000,200,100,2,1,CAKE
2024-08-22T15:09:59.131505346Z,2024-08-22T15:09:59.131337342Z,1,2,2639,T,N,0,38.770000000,23,130,168004,197584195,38.750000000,38.790000000,100,108,1,2,CAKE
2024-08-22T15:09:59.131709598Z,2024-08-22T15:09:59.131543023Z,1,2,2639,T,N,0,38.770000000,6,130,166575,197584205,38.740000000,38.790000000,164,118,2,3,CAKE
2024-08-22T15:10:00.037814127Z,2024-08-22T15:10:00.037644168Z,1,2,2639,T,B,0,38.790000000,100,0,169959,197597846,38.750000000,38.790000000,230,118,3,3,CAKE
2024-08-22T15:10:00.037814127Z,2024-08-22T15:10:00.037644168Z,1,2,2639,T,B,0,38.790000000,8,0,169959,197597847,38.750000000,38.790000000,230,18,3,2,CAKE
2024-08-22T15:10:00.037814127Z,2024-08-22T15:10:00.037644168Z,1,2,2639,T,B,0,38.790000000,10,128,169959,197597848,38.750000000,38.790000000,230,10,3,1,CAKE
2024-08-22T15:10:00.088964741Z,2024-08-22T15:10:00.088796558Z,1,2,2639,T,B,0,38.810000000,10,0,168183,197605050,38.770000000,38.810000000,200,22,2,2,CAKE
2024-08-22T15:10:00.088964741Z,2024-08-22T15:10:00.088796558Z,1,2,2639,T,B,0,38.810000000,12,130,168183,197605051,38.770000000,38.810000000,200,12,2,1,CAKE
2024-08-22T15:10:43.471926248Z,2024-08-22T15:10:43.471757797Z,1,2,2639,T,B,0,38.820000000,100,0,168451,199001127,38.780000000,38.820000000,134,200,3,2,CAKE
2024-08-22T15:10:43.471926248Z,2024-08-22T15:10:43.471757797Z,1,2,2639,T,B,0,38.820000000,93,130,168451,199001128,38.780000000,38.820000000,134,100,3,1,CAKE
2024-08-22T15:10:43.471930496Z,2024-08-22T15:10:43.471764124Z,1,2,2639,T,B,0,38.820000000,7,130,166372,199001129,38.780000000,38.820000000,134,7,3,1,CAKE
2024-08-22T15:10:43.662007511Z,2024-08-22T15:10:43.661840247Z,1,2,2639,T,B,0,38.830000000,10,130,167264,199007344,38.790000000,38.830000000,110,10,2,1,CAKE
2024-08-22T15:11:45.979558933Z,2024-08-22T15:11:45.979391317Z,1,2,2639,T,B,0,38.830000000,100,0,167616,200486459,38.810000000,38.830000000,10,199,1,2,CAKE
2024-08-22T15:11:45.979558933Z,2024-08-22T15:11:45.979391317Z,1,2,2639,T,B,0,38.830000000,99,130,167616,200486460,38.810000000,38.830000000,10,99,1,1,CAKE
2024-08-22T15:11:45.979944931Z,2024-08-22T15:11:45.979778095Z,1,2,2639,T,B,0,38.830000000,100,130,166836,200486478,38.810000000,38.830000000,10,221,1,3,CAKE
2024-08-22T15:11:50.281305072Z,2024-08-22T15:11:50.281137027Z,1,2,2639,T,B,0,38.830000000,21,0,168045,200566001,38.810000000,38.830000000,10,121,1,2,CAKE
2024-08-22T15:11:50.281305072Z,2024-08-22T15:11:50.281137027Z,1,2,2639,T,B,0,38.830000000,100,130,168045,200566002,38.810000000,38.830000000,10,100,1,1,CAKE
2024-08-22T15:11:50.647520814Z,2024-08-22T15:11:50.647352739Z,1,2,2639,T,B,0,38.840000000,1,130,168075,200574019,38.820000000,38.840000000,10,1,1,1,CAKE
2024-08-22T15:11:50.647583542Z,2024-08-22T15:11:50.647413157Z,1,2,2639,T,B,0,38.850000000,1,0,170385,200574023,38.820000000,38.850000000,10,101,1,2,CAKE
2024-08-22T15:11:50.647583542Z,2024-08-22T15:11:50.647413157Z,1,2,2639,T,B,0,38.850000000,100,128,170385,200574024,38.820000000,38.850000000,10,100,1,1,CAKE
2024-08-22T15:11:50.647618850Z,2024-08-22T15:11:50.647450371Z,1,2,2639,T,N,0,38.850000000,100,130,168479,200574030,38.830000000,38.860000000,101,202,2,2,CAKE
2024-08-22T15:11:53.342902501Z,2024-08-22T15:11:53.342735261Z,1,2,2639,T,B,0,38.860000000,1,130,167240,200617549,38.820000000,38.860000000,10,2,1,1,CAKE
2024-08-22T15:12:20.189633279Z,2024-08-22T15:12:20.189466555Z,1,2,2639,T,B,0,38.860000000,1,130,166724,201109377,38.820000000,38.860000000,10,1,1,1,CAKE
2024-08-22T15:12:51.098449270Z,2024-08-22T15:12:51.098282588Z,1,2,2639,T,B,0,38.870000000,10,130,166682,201867417,38.830000000,38.870000000,10,10,1,1,CAKE
2024-08-22T15:12:57.016488230Z,2024-08-22T15:12:57.016317884Z,1,2,2639,T,N,0,38.890000000,75,0,170346,201974928,38.840000000,38.900000000,110,200,2,2,CAKE
2024-08-22T15:12:57.016488230Z,2024-08-22T15:12:57.016317884Z,1,2,2639,T,B,0,38.900000000,100,0,170346,201974929,38.840000000,38.900000000,110,200,2,2,CAKE
2024-08-22T15:12:57.016488230Z,2024-08-22T15:12:57.016317884Z,1,2,2639,T,B,0,38.900000000,100,130,170346,201974930,38.840000000,38.900000000,110,100,2,1,CAKE
2024-08-22T15:14:54.925267749Z,2024-08-22T15:14:54.925101194Z,1,2,2639,T,N,0,38.870000000,11,130,166555,204378070,38.860000000,38.900000000,52,86,3,2,CAKE
2024-08-22T15:16:57.516285246Z,2024-08-22T15:16:57.516118102Z,1,2,2639,T,B,0,38.900000000,10,130,167144,206909579,38.860000000,38.900000000,52,86,3,2,CAKE
2024-08-22T15:19:13.088978201Z,2024-08-22T15:19:13.088777889Z,1,2,2639,T,A,0,38.860000000,16,0,200312,209650240,38.860000000,38.900000000,53,178,4,5,CAKE
2024-08-22T15:19:13.088978201Z,2024-08-22T15:19:13.088777889Z,1,2,2639,T,A,0,38.860000000,12,0,200312,209650241,38.860000000,38.900000000,37,178,3,5,CAKE
2024-08-22T15:19:13.088978201Z,2024-08-22T15:19:13.088777889Z,1,2,2639,T,A,0,38.860000000,24,0,200312,209650242,38.860000000,38.900000000,25,178,2,5,CAKE
2024-08-22T15:19:13.088978201Z,2024-08-22T15:19:13.088777889Z,1,2,2639,T,A,0,38.860000000,1,128,200312,209650243,38.860000000,38.900000000,1,178,1,5,CAKE
2024-08-22T15:19:13.089275090Z,2024-08-22T15:19:13.089098937Z,1,2,2639,T,A,0,38.850000000,10,128,176153,209650537,38.850000000,38.900000000,10,178,1,5,CAKE
2024-08-22T15:19:13.089283340Z,2024-08-22T15:19:13.089103485Z,1,2,2639,T,N,0,38.850000000,44,128,179855,209650544,38.840000000,38.900000000,34,178,2,5,CAKE
2024-08-22T15:19:13.089359340Z,2024-08-22T15:19:13.089170007Z,1,2,2639,T,N,0,38.850000000,10,128,189333,209650658,38.840000000,38.890000000,34,100,2,1,CAKE
2024-08-22T15:19:13.089522863Z,2024-08-22T15:19:13.089339111Z,1,2,2639,T,N,0,38.850000000,10,128,183752,209650850,38.840000000,38.890000000,34,105,2,2,CAKE
2024-08-22T15:19:13.089589929Z,2024-08-22T15:19:13.089404314Z,1,2,2639,T,N,0,38.850000000,10,128,185615,209650956,38.840000000,38.890000000,34,105,2,2,CAKE
2024-08-22T15:19:13.089710810Z,2024-08-22T15:19:13.089531300Z,1,2,2639,T,N,0,38.850000000,26,128,179510,209651055,38.840000000,38.890000000,34,339,2,5,CAKE
2024-08-22T15:19:13.094588709Z,2024-08-22T15:19:13.094405559Z,1,2,2639,T,A,0,38.840000000,14,130,183150,209657134,38.840000000,38.860000000,47,65,3,1,CAKE
2024-08-22T15:19:13.094594089Z,2024-08-22T15:19:13.094405559Z,1,2,2639,T,A,0,38.840000000,20,0,188530,209657135,38.840000000,38.860000000,33,65,2,1,CAKE
2024-08-22T15:19:13.094594089Z,2024-08-22T15:19:13.094405559Z,1,2,2639,T,A,0,38.840000000,13,128,188530,209657136,38.840000000,38.860000000,13,65,1,1,CAKE
2024-08-22T15:19:13.094916428Z,2024-08-22T15:19:13.094732109Z,1,2,2639,T,B,0,38.850000000,100,0,184319,209657554,38.840000000,38.850000000,1,165,1,2,CAKE
2024-08-22T15:19:13.094916428Z,2024-08-22T15:19:13.094732109Z,1,2,2639,T,B,0,38.850000000,65,128,184319,209657555,38.840000000,38.850000000,1,65,1,1,CAKE
2024-08-22T15:19:13.095402719Z,2024-08-22T15:19:13.095226037Z,1,2,2639,T,N,0,38.845000000,100,128,176682,209658135,38.840000000,38.890000000,1,134,1,2,CAKE
2024-08-22T15:19:56.279704599Z,2024-08-22T15:19:56.279536605Z,1,2,2639,T,A,0,38.840000000,1,130,167994,211246312,38.840000000,38.870000000,1,301,1,4,CAKE
2024-08-22T15:19:56.280077178Z,2024-08-22T15:19:56.279908449Z,1,2,2639,T,A,0,38.830000000,100,128,168729,211246500,38.830000000,38.860000000,100,300,1,3,CAKE
2024-08-22T15:19:56.280368680Z,2024-08-22T15:19:56.280199336Z,1,2,2639,T,A,0,38.820000000,25,128,169344,211246630,38.820000000,38.850000000,25,500,1,4,CAKE
2024-08-22T15:19:56.280515714Z,2024-08-22T15:19:56.280345615Z,1,2,2639,T,A,0,38.810000000,41,0,170099,211246717,38.810000000,38.840000000,42,500,2,4,CAKE
2024-08-22T15:19:56.280515714Z,2024-08-22T15:19:56.280345615Z,1,2,2639,T,A,0,38.810000000,1,130,170099,211246718,38.810000000,38.840000000,1,500,1,4,CAKE
2024-08-22T15:19:57.030869228Z,2024-08-22T15:19:57.030701317Z,1,2,2639,T,A,0,38.800000000,30,0,167911,211310352,38.800000000,38.830000000,60,100,2,1,CAKE
2024-08-22T15:19:57.030869228Z,2024-08-22T15:19:57.030701317Z,1,2,2639,T,A,0,38.800000000,30,130,167911,211310353,38.800000000,38.830000000,30,100,1,1,CAKE
2024-08-22T15:20:12.240116193Z,2024-08-22T15:20:12.239942508Z,1,2,2639,T,A,0,38.770000000,18,0,173685,212121559,38.770000000,38.820000000,118,10,2,3,CAKE
2024-08-22T15:20:12.240116193Z,2024-08-22T15:20:12.239942508Z,1,2,2639,T,A,0,38.770000000,100,0,173685,212121560,38.770000000,38.820000000,100,10,1,3,CAKE
2024-08-22T15:20:12.240116193Z,2024-08-22T15:20:12.239942508Z,1,2,2639,T,N,0,38.770000000,100,128,173685,212121561,38.760000000,38.820000000,137,10,2,3,CAKE
2024-08-22T15:22:13.214188302Z,2024-08-22T15:22:13.214018984Z,1,2,2639,T,B,0,38.800000000,4,0,169318,216120704,38.760000000,38.800000000,110,41,2,3,CAKE
2024-08-22T15:22:13.214188302Z,2024-08-22T15:22:13.214018984Z,1,2,2639,T,B,0,38.800000000,35,0,169318,216120705,38.760000000,38.800000000,110,37,2,2,CAKE
2024-08-22T15:22:13.214188302Z,2024-08-22T15:22:13.214018984Z,1,2,2639,T,B,0,38.800000000,2,130,169318,216120706,38.760000000,38.800000000,110,2,2,1,CAKE
2024-08-22T15:22:13.215312860Z,2024-08-22T15:22:13.215143592Z,1,2,2639,T,B,0,38.810000000,100,0,169268,216120745,38.770000000,38.810000000,100,202,1,4,CAKE
2024-08-22T15:22:13.215312860Z,2024-08-22T15:22:13.215143592Z,1,2,2639,T,B,0,38.810000000,1,0,169268,216120746,38.770000000,38.810000000,100,102,1,3,CAKE
2024-08-22T15:22:13.215312860Z,2024-08-22T15:22:13.215143592Z,1,2,2639,T,B,0,38.810000000,58,130,169268,216120747,38.770000000,38.810000000,100,101,1,2,CAKE
2024-08-22T15:22:13.215353461Z,2024-08-22T15:22:13.215184251Z,1,2,2639,T,B,0,38.810000000,42,0,169210,216120751,38.770000000,38.810000000,100,43,1,2,CAKE
2024-08-22T15:22:13.215353461Z,2024-08-22T15:22:13.215184251Z,1,2,2639,T,B,0,38.810000000,1,130,169210,216120752,38.770000000,38.810000000,100,1,1,1,CAKE
2024-08-22T15:22:13.215382284Z,2024-08-22T15:22:13.215214965Z,1,2,2639,T,N,0,38.810000000,100,130,167319,216120755,38.780000000,38.820000000,100,9,1,2,CAKE
2024-08-22T15:22:36.564512265Z,2024-08-22T15:22:36.564343405Z,1,2,2639,T,B,0,38.820000000,4,0,168860,216653138,38.770000000,38.820000000,123,109,3,3,CAKE
2024-08-22T15:22:36.564512265Z,2024-08-22T15:22:36.564343405Z,1,2,2639,T,B,0,38.820000000,5,0,168860,216653139,38.770000000,38.820000000,123,105,3,2,CAKE
2024-08-22T15:22:36.564512265Z,2024-08-22T15:22:36.564343405Z,1,2,2639,T,B,0,38.820000000,100,130,168860,216653140,38.770000000,38.820000000,123,100,3,1,CAKE
2024-08-22T15:22:36.565668725Z,2024-08-22T15:22:36.565499457Z,1,2,2639,T,N,0,38.830000000,100,0,169268,216653220,38.780000000,38.840000000,100,200,1,2,CAKE
2024-08-22T15:22:36.565668725Z,2024-08-22T15:22:36.565499457Z,1,2,2639,T,B,0,38.840000000,100,0,169268,216653221,38.780000000,38.840000000,100,200,1,2,CAKE
2024-08-22T15:22:36.565668725Z,2024-08-22T15:22:36.565499457Z,1,2,2639,T,B,0,38.840000000,100,130,169268,216653222,38.780000000,38.840000000,100,100,1,1,CAKE
2024-08-22T15:23:20.017044933Z,2024-08-22T15:23:20.016877397Z,1,2,2639,T,A,0,38.800000000,10,130,167536,217582138,38.800000000,38.850000000,10,108,1,4,CAKE
2024-08-22T15:23:20.017068295Z,2024-08-22T15:23:20.016899475Z,1,2,2639,T,A,0,38.790000000,15,0,168820,217582139,38.790000000,38.850000000,15,108,1,4,CAKE
2024-08-22T15:24:53.651237503Z,2024-08-22T15:24:53.651050636Z,1,2,2639,T,B,0,38.830000000,100,0,186867,219831574,38.770000000,38.830000000,127,100,6,1,CAKE
2024-08-22T15:24:53.651237503Z,2024-08-22T15:24:53.651050636Z,1,2,2639,T,N,0,38.830000000,100,128,186867,219831575,38.770000000,38.840000000,127,128,6,2,CAKE
2024-08-22T15:26:51.202055148Z,2024-08-22T15:26:51.201885834Z,1,2,2639,T,A,0,38.810000000,12,130,169314,222356866,38.810000000,38.830000000,12,108,1,4,CAKE
2024-08-22T15:26:51.203424187Z,2024-08-22T15:26:51.203256616Z,1,2,2639,T,A,0,38.800000000,41,0,167571,222356964,38.800000000,38.820000000,51,207,2,4,CAKE
2024-08-22T15:26:51.203424187Z,2024-08-22T15:26:51.203256616Z,1,2,2639,T,A,0,38.800000000,10,130,167571,222356965,38.800000000,38.820000000,10,207,1,4,CAKE
2024-08-22T15:27:15.366162680Z,2024-08-22T15:27:15.365995760Z,1,2,2639,T,B,0,38.830000000,1,130,166920,222920588,38.800000000,38.830000000,33,100,3,1,CAKE
2024-08-22T15:27:26.264445740Z,2024-08-22T15:27:26.264277723Z,1,2,2639,T,B,0,38.840000000,1,0,168017,223184958,38.800000000,38.840000000,212,7,7,2,CAKE
2024-08-22T15:27:26.264445740Z,2024-08-22T15:27:26.264277723Z,1,2,2639,T,B,0,38.840000000,1,130,168017,223184959,38.800000000,38.840000000,212,6,7,1,CAKE
2024-08-22T15:27:46.009455999Z,2024-08-22T15:27:46.009288098Z,1,2,2639,T,B,0,38.840000000,2,130,167901,223696682,38.820000000,38.840000000,90,5,2,1,CAKE
2024-08-22T15:27:46.009460573Z,2024-08-22T15:27:46.009290446Z,1,2,2639,T,B,0,38.840000000,3,130,170127,223696683,38.820000000,38.840000000,90,3,2,1,CAKE
2024-08-22T15:27:50.792966546Z,2024-08-22T15:27:50.792796346Z,1,2,2639,T,B,0,38.850000000,100,128,170200,223816142,38.830000000,38.850000000,69,622,2,9,CAKE
2024-08-22T15:27:50.792989653Z,2024-08-22T15:27:50.792819967Z,1,2,2639,T,B,0,38.850000000,100,0,169686,223816150,38.830000000,38.850000000,69,522,2,8,CAKE
2024-08-22T15:27:50.792989653Z,2024-08-22T15:27:50.792819967Z,1,2,2639,T,B,0,38.850000000,1,0,169686,223816151,38.830000000,38.850000000,69,422,2,7,CAKE
2024-08-22T15:27:50.792989653Z,2024-08-22T15:27:50.792819967Z,1,2,2639,T,B,0,38.850000000,100,130,169686,223816152,38.830000000,38.850000000,69,421,2,6,CAKE
2024-08-22T15:27:50.792998335Z,2024-08-22T15:27:50.792819967Z,1,2,2639,T,B,0,38.850000000,1,0,178368,223816153,38.830000000,38.850000000,69,321,2,5,CAKE
2024-08-22T15:27:50.792998335Z,2024-08-22T15:27:50.792819967Z,1,2,2639,T,B,0,38.850000000,100,0,178368,223816154,38.830000000,38.850000000,69,320,2,4,CAKE
2024-08-22T15:27:50.792998335Z,2024-08-22T15:27:50.792819967Z,1,2,2639,T,B,0,38.850000000,100,0,178368,223816155,38.830000000,38.850000000,69,220,2,3,CAKE
2024-08-22T15:27:50.792998335Z,2024-08-22T15:27:50.792819967Z,1,2,2639,T,B,0,38.850000000,100,0,178368,223816156,38.830000000,38.850000000,69,120,2,2,CAKE
2024-08-22T15:27:50.792998335Z,2024-08-22T15:27:50.792819967Z,1,2,2639,T,B,0,38.850000000,20,128,178368,223816157,38.830000000,38.850000000,69,20,2,1,CAKE
2024-08-22T15:27:50.793205153Z,2024-08-22T15:27:50.793037899Z,1,2,2639,T,B,0,38.860000000,97,130,167254,223816219,38.840000000,38.860000000,200,100,2,1,CAKE
2024-08-22T15:27:50.793780298Z,2024-08-22T15:27:50.793611975Z,1,2,2639,T,B,0,38.860000000,3,128,168323,223816430,38.830000000,38.860000000,69,3,2,1,CAKE
2024-08-22T15:27:50.795410031Z,2024-08-22T15:27:50.795243019Z,1,2,2639,T,B,0,38.860000000,100,130,167012,223816801,38.830000000,38.860000000,169,139,3,2,CAKE
2024-08-22T15:27:57.904089723Z,2024-08-22T15:27:57.903922840Z,1,2,2639,T,N,0,38.865000000,1,130,166883,224054837,38.840000000,38.870000000,22,5,1,1,CAKE
2024-08-22T15:28:10.456679206Z,2024-08-22T15:28:10.456508022Z,1,2,2639,T,B,0,38.870000000,5,0,171184,224362739,38.840000000,38.870000000,22,7,1,3,CAKE
2024-08-22T15:28:10.456679206Z,2024-08-22T15:28:10.456508022Z,1,2,2639,T,B,0,38.870000000,1,0,171184,224362740,38.840000000,38.870000000,22,2,1,2,CAKE
2024-08-22T15:28:10.456679206Z,2024-08-22T15:28:10.456508022Z,1,2,2639,T,B,0,38.870000000,1,0,171184,224362741,38.840000000,38.870000000,22,1,1,1,CAKE
2024-08-22T15:28:10.456679206Z,2024-08-22T15:28:10.456508022Z,1,2,2639,T,N,0,38.870000000,8,130,171184,224362742,38.840000000,38.900000000,22,214,1,2,CAKE
2024-08-22T15:28:15.755730344Z,2024-08-22T15:28:15.755563535Z,1,2,2639,T,A,0,38.850000000,19,130,166809,224497482,38.850000000,38.900000000,19,240,1,4,CAKE
2024-08-22T15:28:15.755746029Z,2024-08-22T15:28:15.755577304Z,1,2,2639,T,N,0,38.850000000,100,130,168725,224497483,38.840000000,38.900000000,160,240,3,4,CAKE
2024-08-22T15:30:22.123564118Z,2024-08-22T15:30:22.123395049Z,1,2,2639,T,N,0,38.890000000,148,0,169069,227517631,38.840000000,38.900000000,170,216,4,5,CAKE
2024-08-22T15:30:22.123564118Z,2024-08-22T15:30:22.123395049Z,1,2,2639,T,N,0,38.890000000,127,0,169069,227517632,38.840000000,38.900000000,170,216,4,5,CAKE
2024-08-22T15:30:22.123564118Z,2024-08-22T15:30:22.123395049Z,1,2,2639,T,N,0,38.890000000,25,130,169069,227517633,38.840000000,38.900000000,170,216,4,5,CAKE
2024-08-22T15:33:49.557176461Z,2024-08-22T15:33:49.557008792Z,1,2,2639,T,N,0,38.870000000,50,130,167669,232664261,38.840000000,38.900000000,199,417,7,7,CAKE
2024-08-22T15:34:21.299178295Z,2024-08-22T15:34:21.299010214Z,1,2,2639,T,N,0,38.890000000,127,0,168081,233530709,38.840000000,38.900000000,218,323,8,7,CAKE
2024-08-22T15:34:21.299178295Z,2024-08-22T15:34:21.299010214Z,1,2,2639,T,N,0,38.890000000,73,130,168081,233530710,38.840000000,38.900000000,218,323,8,7,CAKE
2024-08-22T15:35:30.860792041Z,2024-08-22T15:35:30.860623058Z,1,2,2639,T,B,0,38.900000000,1,0,168983,235401253,38.870000000,38.900000000,76,201,4,3,CAKE
2024-08-22T15:35:30.860792041Z,2024-08-22T15:35:30.860623058Z,1,2,2639,T,B,0,38.900000000,100,0,168983,235401254,38.870000000,38.900000000,76,200,4,2,CAKE
2024-08-22T15:35:30.860792041Z,2024-08-22T15:35:30.860623058Z,1,2,2639,T,B,0,38.900000000,100,130,168983,235401255,38.870000000,38.900000000,76,100,4,1,CAKE
